1772 3158
229 97 332 161 ‘736
373 86 542 149 LIBER
564 88 599 147 1.
639 96 918 149 cAP.xv11.
954 105 1009 149 A.
1030 105 1087 148 v,
1110 103 1301 158 (2945.
1339 92 1711 159 CHR.N.192,

221 215 356 272 λάκις
394 213 488 285 γεὲς
517 213 793 283 λουσάμενος
822 213 844 250 ¹¹
884 213 961 264 καὶ
995 219 1111 268 lotus
1139 222 1184 266 in
1220 219 1407 278 balneis,
1463 220 1629 286 saepius
1668 224 1731 269 ci-

221 288 451 346 πολλάκις
474 291 659 352 ἐσθίων,
691 286 846 341 οὐδένα
867 311 959 339 και-
994 295 1103 342 bum
1126 305 1320 361 caperet,
1357 295 1531 343 nullum
1555 308 1732 362 tempus

315 414 352 455 h)
377 415 520 449 Comma
537 413 592 445 bic
609 412 696 444 deest
717 413 750 444 in
771 413 842 455 Stp.
863 413 946 449 reb,
971 422 1005 448 v,
1025 410 1073 444 N.

222 510 300 553 hoc
319 528 356 551 v.
370 539 381 557 ‚
403 528 437 551 v.
458 511 615 549 Herodi.
638 524 670 554 1,
694 523 749 558 17,
772 523 828 546 2².
850 509 941 557 (sine
960 512 1028 550 Gr.
1049 522 1089 550 et
1107 513 1172 549 Vs.
1188 535 1200 554 ,
1233 512 1294 551 sed
1318 525 1354 562 p.
1370 514 1451 557 ¹96.
1469 512 1555 559 mi.)
1577 513 1733 551 Herodi.

225 577 260 608 1,
284 577 340 604 17,
364 577 420 600 22.
441 569 531 600 εἰ.-
550 576 625 607 ny„
654 561 755 608 quod
774 561 969 609 ibifacere
986 561 1080 598 refte
1098 563 1275 605 vertitur,
1300 562 1385 610 quia
1397 562 1566 599 somnum
1587 575 1733 610 capere,

222 613 342 663 quieti
365 613 399 649 se
418 614 526 651 dare,
559 611 805 657 intelligitur,
842 609 906 646 ubi
927 622 1042 658 aeque
1062 611 1243 658 implicita
1273 613 1325 649 est
1352 612 1511 648 faciendi
1540 623 1650 660 atque
1673 624 1734 658 pa-

223 663 343 700 tiendi
368 661 552 697 facultaw
577 659 710 695 eodem
729 660 908 695 redeunte
930 661 1014 707 Eg,
1052 670 1094 695 ut
1119 659 1249 696 somno
1283 661 1560 708 opprimeretur
1588 671 1627 697 et
1649 662 1734 698 dor-

223 710 320 750 mire
343 711 528 754 inciperet
550 709 649 744 inter
667 720 845 750 coenam,
875 708 918 744 ad
947 708 1129 749 mensam,
1165 708 1188 744 s.
1208 722 1405 759 cogeretur
1425 710 1528 746 abire
1552 710 1733 752 cubitum,

224 759 358 797 somno
379 769 558 806 urgente3
594 758 698 793 unde
725 757 930 802 praesentes
950 768 1028 794 turn
1051 757 1250 794 Commodi
1278 759 1443 796 fautores
1467 758 1561 794 nihil
1590 759 1636 794 de
1664 758 1733 794 alia

224 809 330 845 causa
349 820 388 845 et
409 820 557 843 veneno
577 806 874 853 suspicabantur,
907 805 967 841 sed
988 805 1159 843 somnum
1178 806 1370 854 obrepfiffe
1391 820 1435 844 ex
1454 807 1564 844 solito
1587 819 1624 844 et
1646 820 1733 854 pro·

223 869 309 907 pter
337 857 482 893 solitam
513 855 592 892 eius
621 856 862 896 ebrietatem,
899 855 946 890 cf.
969 857 1071 892 Suet.
1096 855 1223 891 Claud.
1244 865 1319 895 c.8.
1350 856 1500 904 quoties
1516 856 1588 907 {³aess
1607 857 1734 893 cibum

223 905 521 953 addormisceret,
562 904 664 951 quod
684 904 717 939 ei
737 902 818 939 fere
836 905 1041 946 accidebat,
1072 905 1137 941 rel.
1164 916 1204 941 et
1229 905 1334 951 supra
1358 917 1390 948 1,
1410 915 1445 953 3,
1468 913 1501 952 3.
1518 918 1573 948 e..
1606 905 1671 941 ubi
1693 904 1735 941 ek

224 956 421 1006 proprium
440 957 502 1001 Bg.
522 957 558 990 ἐκ
576 969 624 998 κς.
641 952 828 990 dedimus.

274 1005 437 1051 Λονσκμ.)
460 1005 544 1038 for.
562 997 751 1053 λουόμενος.
771 1001 887 1049 Stepb.
925 1000 983 1037 cui
1004 1001 1077 1037 hoc
1102 1006 1123 1038 e
1142 1003 1177 1038 P.
1198 1001 1332 1040 iterum
1353 1001 1427 1039 fine
1448 1003 1549 1040 causa
1579 998 1733 1049 placuit,

223 1066 310 1091 cum
338 1054 443 1100 saepe
470 1051 540 1088 sunt
569 1050 674 1088 fimul
700 1049 893 1098 participia
919 1050 1046 1087 diversi
1070 1050 1272 1099 temporis,
1312 1051 1360 1089 cf.
1377 1053 1409 1100 §.
1433 1064 1516 1093 20.,
1547 1051 1647 1088 unde
1667 1052 1733 1099 Bg.

223 1103 321 1140 reste
343 1105 418 1140 ἔσθ.
438 1112 589 1148 quoque
608 1113 674 1147 per
693 1110 808 1147 praet.
828 1099 1024 1147 exprimit,
1058 1100 1119 1136 sed
1142 1113 1208 1148 per
1224 1100 1366 1146 phrafin
1386 1100 1465 1137 fere
1485 1113 1567 1137 cum
1584 1103 1664 1146 Stp.
1685 1100 1734 1137 ad

222 1166 274 1190 m.
292 1153 354 1192 Ρ..
389 1149 516 1186 omisso
538 1149 671 1186 iterum
689 1147 768 1190 xa),
799 1161 866 1196 pro
886 1150 1014 1191 etiam,
1044 1149 1128 1197 quia
1150 1162 1244 1187 Λουσ.
1267 1161 1343 1186 non
1364 1150 1538 1192 resolvit,
1571 1160 1616 1187 ut
1639 1151 1734 1190 ἔσθ..

222 1201 284 1239 sed
310 1212 374 1248 per
403 1199 438 1235 se
461 1199 584 1245 cepit;
626 1196 692 1234 nifi
722 1198 836 1234 libere
865 1197 1093 1234 contraxerit
1121 1199 1355 1241 orationem.
1389 1198 1558 1247 quamvis
1580 1197 1634 1240 καὶ
1662 1199 1734 1244 pro

222 1252 358 1296 copula
377 1259 553 1294 accepte,
580 1258 623 1284 ut
643 1248 681 1283 P.
700 1258 852 1294 quoque
868 1245 961 1283 fecit
975 1271 986 1287 ,
1010 1244 1075 1283 etii
1093 1247 1246 1284 liberius
1265 1247 1439 1289 reddens,
1467 1247 1594 1284 addito
1608 1247 1733 1283 'altero

220 1300 300 1342 καὶ,
336 1300 426 1344 haec
452 1298 529 1332 duo
557 1297 596 1332 in
627 1291 745 1339 ἦ-ιῖ
775 1305 943 1336 mutans;
974 1308 1067 1344 quae
1091 1297 1273 1333 sententia
1300 1310 1366 1345 per
1388 1297 1424 1333 se
1444 1297 1494 1333 est
1519 1295 1731 1336 commoda,

220 1349 306 1397 quia
326 1347 430 1394 saepe
453 1347 651 1381 lavabatur
672 1356 712 1381 et
731 1345 875 1383 edebat,
912 1354 951 1380 et
979 1345 1117 1381 tolerat
1136 1346 1277 1380 comina
1298 1345 1527 1394 quarundam
1546 1345 1630 1381 edd.
1651 1334 1733 1392 post

221 1411 338 1438 num,
371 1394 474 1441 quod
494 1405 624 1430 contra
643 1393 919 1434 omittendum,
949 1393 972 1429 fi
991 1391 1045 1435 no.)
1066 1393 1222 1430 sumitur
1241 1406 1322 1430 non
1342 1406 1408 1441 pro
1421 1395 1555 1441 copula
1575 1404 1672 1428 mera
1692 1396 1732 1429 e't

219 1443 459 1495 participium
479 1454 681 1490 utrumque
697 1441 836 1478 diversa
853 1442 1035 1483 notione,
1068 1454 1163 1480 Λουσ.
1182 1441 1383 1490 temporis,
1417 1442 1478 1479 sed
1494 1444 1569 1480 ἔσθ.
1589 1442 1733 1482 causae.

221 1495 308 1543 quia
330 1493 453 1532 enim.
484 1491 663 1541 postquam
681 1491 787 1538 saepe
802 1490 964 1539 lavrgffin,
992 1491 1104 1527 ctiam
1117 1501 1221 1540 Jaepe
1241 1493 1386 1532 edebam
1411 1503 1486 1538 quo
1504 1491 1638 1538 spestat
1648 1492 1730 1538 Stp.

220 1545 265 1581 in
285 1556 331 1578 m.
353 1545 414 1584 1²..
441 1540 594 1577 liberius
615 1552 739 1576 tamen
761 1540 885 1586 etipse
897 1541 1057 1576 reddens
1074 1552 1153 1577 πολ.
1172 1552 1291 1580 nove„
1318 1551 1458 1577 mutato
1477 1540 1558 1575 adv.
1572 1540 1611 1576 in
1623 1539 1732 1577 affine

222 1592 296 1629 adi.
311 1602 350 1628 et
360 1591 476 1627 verbo
500 1591 536 1625 in
552 1589 660 1625 affine
683 1588 788 1624 subst.
801 1612 813 1630 ,
839 1588 1035 1633 respiciens
1053 1591 1097 1625 ad
1118 1588 1221 1635 §.19.
1239 1594 1328 1634 μετὰ
1346 1593 1459 1626 πολλὰ
1478 1593 1624 1634 λουτρὰ,
1652 1589 1733 1624 sen·

220 1642 262 1679 su
283 1640 434 1676 tandem
456 1637 623 1674 redituro
647 1639 780 1674 eodem
794 1663 806 1679 ,
833 1647 877 1672 ut
899 1637 1035 1673 crebris
1053 1639 1206 1673 lavacris
1225 1649 1263 1673 et
1282 1636 1448 1686 prandiis
1468 1637 1531 1674 fibi
1552 1636 1733 1674 ademerit

221 1701 371 1737 ternpus
391 1686 599 1736 legitimum
620 1699 660 1722 ac
688 1697 831 1723 certum
860 1686 1012 1734 aliquod
1041 1686 1274 1729 dormiendi,
1309 1685 1394 1733 quia
1418 1685 1496 1733 post
1523 1686 1734 1734 prandIum.

221 1738 289 1776 ubi
312 1738 474 1773 dormire
496 1747 644 1782 poterat
661 1735 850 1775 interdiu,
885 1740 945 1780 (ut
965 1735 1121 1771 faciebat
1142 1735 1252 1772 etiam
1273 1737 1462 1773 interdum
1484 1733 1593 1782 §.1.)
1612 1734 1733 1772 statim

220 1788 293 1826 ivit
312 1787 348 1822 in
371 1787 547 1822 balneum
560 1809 570 1827 ,
594 1784 654 1820 sed
675 1784 859 1820 hincnon
878 1784 1095 1826 dormitum,
1118 1795 1248 1821 verum
1266 1785 1310 1821 ad
1329 1784 1454 1831 epulas
1473 1785 1622 1827 iterum,
1642 1785 1730 1832 quia

219 1850 286 1885 per
307 1836 481 1872 balneum
498 1834 730 1871 ventriculus
748 1833 883 1870 iterum
903 1834 1045 1870 levatus
1058 1846 1136 1870 erat
1153 1846 1192 1871 et
1210 1846 1346 1871 vacuus
1360 1833 1474 1870 fartus
1494 1833 1732 1881 cupidusque
1771 1839 1772 1844 ’

220 1885 315 1923 novi
337 1883 408 1920 cibi
424 1911 434 1926 ,
470 1894 510 1920 et
531 1883 576 1918 fic
596 1894 749 1931 quoque
768 1882 880 1919 nostu
900 1882 998 1919 haud
1019 1883 1150 1925 dubie;
1182 1883 1281 1920 unde
1309 1883 1536 1920 obruebatur
1556 1894 1574 1918 a
1599 1875 1731 1919 somni>
1770 1911 1772 1926 2

219 1948 288 1984 per
318 1934 461 1981 reliqua
489 1943 658 1978 tempora
686 1943 724 1968 et
751 1929 850 1967 inter
875 1931 1129 1978 prandendum
1160 1934 1494 1980 coenandumque‚
1538 1930 1586 1967 cf.
1617 1931 1662 1967 de
1689 1943 1731 1967 re

219 1986 363 2028 Lampr.
388 1995 422 2030 p.
436 1994 516 2027 504.
536 1982 685 2017 lavabat
706 1993 771 2028 per
790 1982 880 2016 diem
907 1981 1042 2026 septies
1063 1992 1170 2030 atque
1189 1981 1326 2023 octies,
1358 1991 1392 2018 et
1417 1981 1458 2018 in
1481 1980 1562 2029 ipfis
1589 1976 1730 2016 balneis

219 2035 364 2071 edebat,
401 2044 485 2067 curn
507 2031 553 2066 N.
577 2042 615 2066 et
636 2032 693 2066 Rs.
713 2032 785 2066 An.
802 2031 845 2066 ad
858 2031 921 2065 Gr.
941 2029 1006 2065 scr.
1028 2030 1074 2066 V.
1092 2044 1118 2068 ι.
1137 2043 1168 2066 e.
1188 2030 1351 2077 adXiph.
1372 2043 1405 2078 p.
1424 2040 1543 2076 153.e.
1555 2028 1606 2078 sq.
1625 2041 1658 2065 ν.
1669 2032 1744 2075 46.,

221 2084 262 2128 (e
283 2094 358 2128 quo
376 2079 513 2116 deinde
535 2080 580 2116 ad
597 2079 628 2127 §.
646 2092 703 2123 24.
717 2080 742 2116 i.
765 2078 889 2115 locum
907 2078 1055 2117 damus,
1089 2079 1163 2115 huc
1190 2091 1340 2127 quoque
1365 2078 1562 2123 fafturum)
1581 2089 1663 2115 tum
1683 2077 1731 2116 de

217 2133 340 2169 ἐσθίει-ι
362 2143 426 2175 pro
448 2128 555 2164 edere
575 2141 615 2163 ac
635 2129 761 2163 bibere
783 2126 910 2169 simul,
943 2129 1153 2176 (quomodo
1176 2129 1235 2164 hic
1252 2130 1471 2175 capiendum
1488 2126 1637 2164 videtur
1656 2140 1678 2163 e
1695 2127 1729 2176 §.

218 2181 272 2227 sq.
308 2189 437 2224 τρυφῆς
465 2175 538 2221 ἅμα
556 2179 649 2221 ποτῷ
669 2178 718 2221 Α.)
750 2178 804 2212 Fi.
835 2177 882 2212 de
907 2175 973 2212 vit.
991 2179 1034 2214 L.
1055 2179 1102 2214 Ν.
1120 2177 1167 2213 Τ.
1186 2179 1240 2214 Pr.
1259 2189 1313 2213 12.
1332 2190 1368 2226 p.
1391 2180 1425 2214 6.
1446 2177 1545 2225 sqq„
1580 2179 1731 2213 tacente

217 2231 301 2275 Srp.
324 2228 419 2266 Th„
449 2230 510 2273 qui·
537 2226 574 2261 in
598 2238 632 2260 ν.
651 2238 683 2263 Α.
707 2225 801 2261 nihil
821 2226 868 2261 de
887 2227 945 2274 Bg.
970 2226 1249 2272 supplemenm,
1277 2236 1315 2262 et
1339 2227 1471 2266 „lavor
1490 2227 1515 2262 s.
1535 2226 1619 2261 lavo
1640 2231 1729 2262 me«

216 2276 265 2314 fic
284 2287 427 2313 tantum
451 2275 572 2312 soluto
591 2273 672 2320 pass.
696 2287 761 2322 per
781 2275 876 2310 med.
892 2299 904 2316 ,
931 2287 1002 2310 nec
1021 2276 1150 2312 diserte
1172 2275 1326 2312 assumto
1351 2276 1498 2317 medio,
1524 2287 1595 2311 nec
1615 2274 1729 2311 allato

218 2324 293 2361 hoc
315 2338 412 2366 aon,
447 2324 493 2360 cf.
511 2325 574 2361 lib.
598 2323 644 2359 de
664 2325 704 2358 V.
727 2324 822 2360 med.
849 2323 889 2360 L.
913 2324 958 2360 N.
982 2325 1027 2360 T.
1050 2325 1160 2366 Krb..
1188 2326 1329 2363 adLuc.
1352 2333 1478 2370 2,713.
1500 2323 1550 2360 N.
1568 2335 1622 2360 u.
1642 2322 1729 2360 cuin

217 2375 274 2412 Fi.
297 2375 376 2412 lnd.
396 2373 490 2458 ‘fhe
507 2398 519 2415 ,
553 2372 615 2408 sed
636 2373 683 2408 G.
703 2371 774 2407 Th.
794 2378 856 2418 46,
870 2384 901 2409 e.
929 2381 1177 2420 ,,λε).ουμὲνος,
1209 2374 1379 2411 lavatus“
1406 2385 1478 2411 nec
1498 2372 1632 2409 diserte
1657 2370 1728 2420 prb

218 2436 289 2466 ec,
349 2424 385 2459 ui
423 2422 444 2459 e
467 2423 567 2457 lavit.

269 2436 402 2514 οὕδὲνα)
432 2471 514 2508 Sch.
543 2474 624 2510 „bu
653 2473 828 2519 requiem,
865 2470 1066 2507 somnum“
1100 2483 1210 2520 quam
1238 2471 1459 2512 notionem,
1499 2472 1536 2515 (a
1554 2471 1632 2517 Stp.
1652 2466 1727 2508 Th.

218 2521 364 2557 allatam
385 2519 460 2556 fine
482 2519 722 2562 austorirate,
749 2519 808 2556 sed
827 2534 870 2556 ex
890 2520 1087 2570 anaiogia«
1116 2533 1157 2558 ut
1176 2533 1215 2558 et
1229 2523 1308 2558 Lat.
1329 2523 1479 2571 quietem
1490 2517 1728 2567 appellarunt

218 2570 417 2605 :somnum“
452 2569 512 2606 hic
541 2567 771 2604 necessariam
800 2583 820 2604 e
848 2580 1045 2612 contextu,
1082 2582 1166 2607 curn
1197 2571 1314 2607 variet
1339 2569 1475 2608 Noster
1504 2581 1588 2606 cum
1613 2567 1643 2615 §.
1674 2579 1725 2614 pr.

221 2617 353 2661 ἦσυχία
373 2629 410 2653 et
429 2615 555 2662 ὕπνος.)
575 2616 775 2653 firmaverit
799 2619 909 2654 affine
926 2630 957 2653 v.
979 2617 1010 2664 §.
1027 2631 1081 2656 20.
1098 2632 1153 2660 e...
1183 2620 1275 2656 nihil
1296 2619 1341 2656 de
1353 2621 1432 2656 Lat.
1449 2621 1511 2666 Bg.
1527 2616 1672 2654 ferente
1685 2616 1725 2652 in

218 2666 318 2702 hunc
343 2666 485 2701 sensum
505 2667 551 2702 G.
571 2666 644 2701 Th.
666 2678 747 2702 cum
771 2668 835 2704 Gr.
855 2679 912 2709 n.;
946 2679 989 2704 ut
1010 2668 1107 2705 forte
1119 2669 1197 2705 Lat.
1225 2669 1314 2717 quid
1337 2673 1387 2706 est
1403 2666 1515 2704 etiam
1539 2666 1576 2701 in
1603 2677 1653 2712 pr.
1668 2670 1726 2707 εἰς.

222 2714 314 2752 resta
332 2713 395 2751 ina
414 2726 498 2752 cum
519 2718 553 2750 v.
572 2717 628 2762 ὡς.
652 2713 679 2752 s.
698 2716 804 2754 subst.
824 2733 934 2764 nuce„
960 2717 1004 2755 it.
1023 2717 1065 2754 in
1078 2720 1180 2763 vax.
1198 2718 1365 2756 cumhoc
1383 2713 1484 2754 subst.
1497 2739 1510 2759 ,
1536 2725 1632 2763 quae
1642 2716 1724 2752 toth
