1798 3163
117 146 290 194 LIBER
314 146 348 190 1.
386 141 608 189 CARIV.
642 144 698 187 A.
719 141 776 187 v.
803 141 1000 196 0933·
1047 138 1185 185 CHR.
1209 140 1274 184 N.
1305 144 1421 190 180.
1469 154 1567 199 ης

39 263 195 334 ἄξει-ἦς
231 253 366 310 ἀΐδιον
405 255 571 324 μνήμην
615 258 673 309 εἰς
716 251 788 304 τὸν
824 259 954 307 nibus
967 258 1206 323 reliquerit,
1247 270 1289 306 et
1308 262 1481 309 virtutis
1493 278 1560 309 ae·

38 402 127 458 Δς6ι,
148 412 240 454 ult„
280 408 344 446 nbi
377 405 500 444 texms
534 411 594 447 „oi
611 403 689 443 ’eser’
716 407 833 442 ἐκεῖνον
866 398 1105 453 [τόνγχρὸνον]
1132 403 1286 451 ὁμέτεςοι
1314 401 1510 451 πρίγονοι“
1538 419 1560 443 e

22 461 150 518 'glossa
170 461 282 501 habet
301 458 362 495 illa
385 455 521 497 inclusa
543 455 672 496 uncis,
709 466 794 489 cum
813 471 844 491 κ.
868 459 914 491 ἐκ.
934 453 1060 501 potius
1082 455 1270 502 pertineat
1289 456 1331 489 ad
1355 455 1469 501 peril,
1511 456 1559 492 de

36 501 110 558 qua
130 511 179 547 ib.
200 509 341 549 sermo,
376 516 416 542 et
443 507 488 542 ad
516 504 772 544 Alcibiadem,
812 503 859 539 cf.
881 503 926 537 V.
952 515 1008 540 11.
1030 507 1064 551 p.
1087 512 1169 546 988.
1192 516 1223 539 e.
1239 528 1249 544 ,
1285 504 1464 540 nostrates
1493 504 1559 542 ubi

39 550 173 598 'dicunt
191 571 212 593 e
232 558 319 594 Lati
334 555 500 597 ratione,
524 557 593 590 den
619 553 803 601 Menschen
822 552 941 589 seiner
960 553 1064 590 Zeit‚
1090 551 1243 601 fiscines
1261 554 1486 601 Zeiealter55
1517 553 1559 591 in

37 603 175 658 quibus
194 604 367 642 om‘nibus
390 603 546 641 formula
564 602 719 640 sumitur
742 604 818 639 lato
839 601 942 638 sensu
961 613 1002 638 et
1022 602 1068 638 de
1089 612 1257 649 tempore
1277 602 1465 645 universo,
1492 603 1557 640 sed

36 655 223 703 angustius
247 667 304 701 ap.
327 655 423 690 Xen.
445 656 529 701 Cyr.
551 653 592 691 Z.
610 665 640 694 1,
662 667 697 697 4,
719 665 772 698 14.
798 664 851 691 e.‚
888 650 951 687 ubi
980 653 1100 698 Cyrus
1130 650 1207 691 τούς
1240 653 1318 689 κατ’
1347 657 1405 696 ἐμὲ
1426 659 1557 696 πάντας

31 705 215 754 ,intelligit
234 704 396 750 aequales
414 713 536 739 aetate
565 714 760 743 annorum,
803 699 868 747 qui
901 700 942 736 in
973 713 1029 749 pr.
1055 704 1126 743 τοῖς
1153 697 1347 745 ἦλικιῶταις
1382 701 1415 748 §.
1441 713 1496 738 10.
1520 715 1556 738 e.

31 753 146 792 nobis
166 767 236 790 von
259 750 440 801 gleichem
453 753 677 788 Lebensalter
696 750 721 786 s.
742 751 862 786 Alter.

87 805 270 847 ἐγκαταλ.)
296 803 369 837 Ms.
402 799 502 837 aliud
533 815 569 836 v.
598 799 848 847 compofitum
885 798 980 834 haud
1012 798 1124 835 dubie
1155 798 1333 850 glossema„
1353 798 1424 842 est,
1470 811 1558 840 cum

36 850 160 901 'primo
181 852 285 888 nulla
307 850 396 887 adiit
419 850 576 896 suspicio
589 848 823 885 confusarum
844 861 909 895 per
927 846 1133 885 litterarum
1152 848 1434 885 similitudinem
1457 862 1558 896 prae.

38 901 267 950 politionum
284 925 294 942 ‚
321 899 422 948 quod
445 900 494 935 est
512 899 593 935 fere
618 898 758 945 ubique
780 897 1007 933 clariffirnum
1032 898 1164 945 glossae
1185 897 1380 939 indicium,
1411 899 1452 935 in
1474 912 1556 937 ver-

35 952 92 992 bis
115 950 268 997 quidem
290 948 473 995 compos..
501 960 543 984 ur
561 961 597 983 et
620 948 734 988 illud,
759 945 861 994 quod
884 946 1019 982 deinde
1039 946 1158 983 oritur
1190 960 1235 983 ex
1260 959 1331 983 utr.
1359 947 1430 984 lest
1476 949 1556 985 sen.

38 1000 158 1037 tentia
180 1000 330 1040 eadem,
360 1010 446 1033 cum
467 997 606 1033 dicatur
630 1007 700 1032 utr.
721 1008 754 1030 v.
776 998 822 1032 de
854 994 1032 1036 mortuis,
1076 1008 1142 1041 pro
1165 995 1401 1042 relinquere,
1429 997 1478 1033 cf.
1506 998 1554 1035 de

35 1053 102 1088 ἀπ.
127 1050 202 1096 S'tp.
226 1061 259 1090 2,
279 1052 359 1092 664.
385 1047 424 1082 E.
444 1059 518 1086 m.‚
552 1045 663 1082 etiam
685 1056 751 1091 per
782 1043 935 1080 eandem
957 1043 1297 1087 constructionem,
1331 1044 1379 1080 ib.
1406 1059 1428 1081 e
1451 1048 1554 1084 Suid.

41 1109 75 1138 1,
99 1108 181 1141 253.
211 1097 257 1139 i..
294 1096 354 1132 cui
384 1094 464 1131 add.
495 1096 575 1130 Ael.
598 1095 644 1129 V.
668 1093 702 1128 h.
728 1100 763 1134 8,
791 1096 841 1128 16.
865 1105 897 1128 e.
935 1105 970 1132 2,
993 1103 1049 1137 23.
1086 1104 1117 1139 3,
1143 1105 1198 1138 25.
1220 1106 1250 1130 e.
1286 1089 1388 1140 δόξαν
1420 1093 1555 1138 ἑαυτοῖς

35 1150 207 1187 ἀθάνατον
224 1152 389 1183 ἀπέλιπον
408 1151 460 1180 καὶ
479 1139 591 1189 φήμην
614 1146 747 1186 ἀγαθὴν
768 1140 808 1178 δι’
833 1146 970 1184 αἰῶνος,
1004 1151 1211 1190 perpetuam
1242 1140 1305 1178 fibi
1329 1146 1402 1190 gl0=
1416 1146 1487 1180 iam
1514 1157 1555 1182 et

36 1208 158 1232 nomen
177 1194 363 1241 optimum
383 1193 420 1228 in
440 1192 705 1240 sempiternum
726 1192 970 1239 reliquerunt,
999 1191 1046 1228 cf.
1073 1204 1126 1234 ιο,
1143 1203 1199 1238 ¹3·
1213 1205 1242 1227 e.
1257 1216 1269 1232 ,
1293 1205 1332 1228 et
1343 1195 1421 1230 lnd.
1435 1195 1550 1231 Diod.

34 1247 96 1286 S.,
122 1257 141 1279 e
162 1255 320 1291 quorum
341 1241 622 1289 comparatione
647 1242 717 1277 Ms.
738 1241 863 1277 auftor
884 1240 1062 1281 hauserim
1096 1253 1140 1278 ut
1161 1252 1284 1278 tamen
1305 1242 1469 1280 nostrum
1501 1256 1552 1284 v..

65 1305 114 1328 uo
136 1291 181 1328 de
200 1292 245 1328 cf.
269 1292 373 1333 Exc„
400 1291 570 1328 videatur
594 1289 715 1337 aptius
733 1289 845 1337 priori
865 1289 969 1326 subst.
994 1294 1074 1329 ms.
1089 1316 1098 1330 ,
1128 1291 1188 1326 cui
1209 1292 1344 1327 Noster
1363 1305 1447 1329 cum
1468 1293 1551 1330 aliis

33 1306 273 1392 {timoribus
291 1340 386 1377 solet
407 1340 607 1389 adiungere
631 1341 805 1386 verbum,
840 1352 884 1375 ex
904 1352 956 1387 pr.
979 1345 1008 1377 ἔν
1029 1338 1296 1387 compositum,
1343 1354 1383 1378 ut
1402 1346 1551 1386 ἐμποιεῖν

34 1402 75 1429 et
94 1394 263 1438 ἐπάξειν,
289 1389 337 1426 cf.
357 1387 390 1435 ᾗ.
408 1402 460 1426 ιι.
475 1415 486 1431 ,
508 1390 715 1426 resolvente
735 1392 797 1438 Bg.
820 1389 1060 1436 participium
1080 1403 1100 1425 e
1115 1393 1149 1425 Ι).
1169 1403 1235 1437 per
1258 1391 1454 1437 particulas
1468 1392 1549 1427 illas

28 1440 158 1481 modi.
186 1441 287 1487 quod
306 1439 367 1476 hic
390 1451 428 1476 et
451 1439 560 1475 licuit
581 1436 661 1475 fieri
683 1451 748 1486 per
768 1448 802 1474 et
821 1439 1017 1485 copulam,
1043 1438 1084 1475 it.
1102 1451 1187 1475 cum
1208 1440 1294 1476 Sch.
1327 1452 1475 1488 „quum
1491 1453 1550 1477 re-

32 1487 185 1539 liqusset
205 1486 377 1538 maguum
397 1488 448 1533 [ui
470 1486 688 1524 desiderium
709 1486 940 1524 hominibus.“

36 1535 39 1538 ’
83 1544 226 1584 ἀρετῆς)
253 1537 380 1575 Scribo
401 1545 456 1575 καὶ
476 1542 572 1584 ἀρετ.
597 1538 715 1586 Steph.
770 1539 882 1574 Certe
901 1538 1085 1585 particula
1098 1544 1150 1581 τέ,
1177 1550 1273 1587 quae
1290 1538 1551 1586 praecedebat.

31 1587 127 1626 illud
146 1587 335 1636 requirere
351 1588 508 1624 videtur.
535 1588 671 1623 Stroth.

132 1637 227 1673 Istud
249 1642 365 1683 prate,
395 1637 433 1673 in
453 1632 560 1674 πόθον
577 1642 627 1678 τὲ,
655 1635 783 1673 saltem
812 1636 984 1685 copulam
1006 1637 1084 1683 post
1103 1641 1177 1682 ἐγκ.
1199 1635 1360 1684 aliquam
1378 1638 1550 1686 requirit,

35 1698 247 1736 quanquam
279 1699 356 1722 non
387 1683 586 1722 necessario
617 1685 714 1722 illam
743 1690 844 1732 Stp.,
878 1685 918 1722 in
947 1698 1018 1734 qua
1045 1686 1274 1734 suscipienda
1295 1688 1330 1723 ei
1350 1687 1411 1723 hic
1432 1701 1549 1724 nemo

34 1733 224 1772 ¹«editorum
243 1735 429 1773 obnoxius
451 1733 538 1770 fuit.
587 1735 748 1777 Nescio,
774 1748 820 1771 an
839 1734 921 1783 quis
943 1735 1123 1772 lustentet
1142 1736 1373 1784 asyndeton,
1402 1748 1550 1774 mutan-

36 1779 87 1822 do
105 1791 146 1821 τέ
166 1783 258 1820 istud
281 1783 318 1819 in
338 1789 405 1827 γὲ,
431 1785 510 1820 Lat.
529 1786 688 1831 quidem,
713 1796 807 1830 quae
829 1785 931 1832 saepe
952 1785 1105 1822 confusa
1126 1785 1224 1823 sunt.
1285 1786 1383 1822 Mihi
1404 1787 1549 1834 semper

37 1832 119 1885 post
137 1837 230 1878 ἀρετ.
251 1831 368 1869 deess'e
389 1832 459 1869 visa
480 1831 531 1867 est
548 1833 729 1880 quaedam
747 1834 881 1879 copula
895 1859 906 1874 ,
933 1835 989 1871 vel
1011 1834 1179 1883 propria,
1216 1840 1274 1871 vet
1298 1836 1548 1878 adversativa

38 1893 194 1930 quarum
213 1891 294 1917 utra
319 1880 409 1916 defit
425 1880 705 1929 excidedrque,
739 1894 779 1918 ac
799 1881 903 1918 reddi
924 1884 1018 1919 adeo
1041 1884 1177 1921 Nostro
1203 1884 1361 1925 debeat,
1398 1885 1436 1921 id
1458 1898 1546 1922 veto

34 1929 299 1977 reperiendum
316 1928 366 1965 est
384 1941 450 1966 aut
472 1941 536 1976 per
559 1931 648 1966 Mss.
663 1955 674 1971 ,
703 1941 768 1966 aut
787 1944 852 1975 per
874 1931 912 1967 Ρ.
926 1957 936 1973 ,
963 1943 1025 1968 aut
1043 1945 1107 1979 per
1134 1932 1326 1975 ingenium
1343 1959 1353 1976 ,
1385 1934 1446 1971 sed
1466 1948 1546 1971 non

37 1978 131 2018 illud
151 1978 372 2015 violentum.
422 1979 540 2027 Igitur
562 1979 681 2026 primo
699 1981 776 2026 Stp.
798 1986 853 2016 καὶ
872 1979 982 2017 inseri
997 2006 1007 2021 ‚
1045 1981 1146 2029 quod
1168 1976 1206 2018 ἔτ
1227 1985 1288 2031 Bg.
1316 1983 1545 2031 probaverit.

38 2027 131 2073 Jmihi
151 2027 200 2063 est
220 2027 417 2069 audacius,
449 2040 532 2064 cum
555 2040 629 2063 non
652 2039 826 2076 appareat
844 2041 909 2075 per
936 2029 1097 2070 litteras,
1136 2032 1331 2078 quomodo
1352 2033 1546 2070 exciderit.

37 2077 139 2118 Tum
159 2079 195 2112 Ρ.
225 2076 394 2127 ηρρβενιὶτ
412 2089 499 2113 vero
521 2078 628 2114 etiam
647 2077 798 2114 virtutis
823 2079 1029 2115 memoriam
1059 2081 1247 2128 reliquerit
1265 2082 1546 2129 scmpiternanffl

36 2139 99 2175 me
117 2127 304 2174 quondam
332 2125 517 2163 ducebant
536 2126 579 2162 ad
599 2131 724 2171 ἀρετῆς
743 2126 770 2163 δ’
790 2123 842 2164 ἔτι
862 2131 928 2165 ἁῑδ.
947 2140 1000 2169 a„
1042 2140 1105 2165 aut
1124 2130 1252 2166 saltem
1274 2130 1396 2175 ἒιςετῆξ
1416 2131 1444 2168 δ’
1463 2136 1545 2174 ἀεὶ,

6 2203 8 2206 ,
39 2175 143 2225 quod
163 2175 190 2213 δ’
215 2174 402 2211 excideret
419 2177 467 2212 ob
491 2175 640 2212 limilem
663 2176 712 2224 sq.
732 2192 754 2211 a
777 2175 960 2218 litteram,
989 2178 1146 2214 maxime
1166 2192 1203 2214 in
1225 2180 1332 2215 Codd
1368 2179 1549 2217 maiulcu-

38 2221 133 2268 lam,
168 2237 251 2261 cum
270 2224 361 2260 istud
384 2225 421 2260 P.
439 2225 548 2261 etiam
569 2224 685 2272 poffet
705 2225 821 2261 libere
839 2225 1021 2262 accessisse.
1076 2230 1188 2264 Nunc
1203 2241 1289 2265 vero
1311 2231 1400 2267 Mss.
1421 2235 1547 2277 ἀρετῆς

36 2290 77 2313 τε
97 2277 162 2312 ἆὶδ.
183 2286 261 2310 non
283 2271 475 2321 displicet,
513 2286 595 2311 cum
617 2281 659 2312 τὲ
678 2274 840 2322 elapsum
859 2274 927 2310 effi·
949 2277 1116 2324 potuerit
1136 2278 1184 2313 ob
1203 2295 1237 2314 αι
1258 2278 1308 2326 sq.
1332 2279 1428 2315 haud
1452 2280 1547 2316 difli-

36 2322 146 2364 mile;
177 2334 218 2360 ut
243 2333 365 2359 tamen
386 2336 452 2370 pro
470 2337 517 2360 eo
539 2324 734 2372 cogitarim
761 2324 959 2372 aliquando
992 2326 1036 2367 τ’,
1073 2325 1126 2363 illi
1150 2340 1201 2373 pr.
1222 2327 1249 2365 δ’
1266 2328 1401 2370 limile,
1437 2341 1475 2366 et
1505 2330 1545 2366 in

36 2372 96 2411 hi⁵
117 2370 362 2414 lectionibus,
389 2384 481 2421 quae
499 2386 631 2410 omnes
649 2374 881 2421 procedunt,
909 2374 1070 2412 difficilis
1093 2376 1182 2412 mihi
1208 2376 1249 2414 tit
1269 2378 1402 2425 optio,
1439 2375 1545 2417 πέξὶου

35 2427 77 2461 τὲ
92 2441 130 2448 -
157 2425 280 2476 ἀρετ-ᾖς
297 2437 357 2462 τε.
384 2421 408 2458 s-
429 2419 538 2459 πίθον
557 2429 596 2460 τέ
616 2442 655 2450 -
672 2427 793 2469 ἀρετῆς
809 2423 863 2464 τ’,
890 2422 913 2459 s.
931 2421 1040 2462 πόθον
1058 2431 1098 2462 τὲ
1118 2446 1158 2453 -
1178 2430 1299 2473 &few-fic
1319 2429 1360 2468 δ’,
1387 2439 1546 2475 quarum

36 2470 216 2523 postrema
239 2483 275 2505 m
298 2476 337 2508 τὲ
351 2490 383 2498 -·
403 2474 438 2508 δὲ
457 2474 499 2508 ad
525 2472 560 2509 se
580 2473 700 2510 relatis
710 2473 847 2509 Nostro
869 2485 945 2509 non
967 2474 1016 2509 est
1032 2474 1175 2522 ignota.
1226 2479 1282 2512 De
1303 2479 1383 2516 leue
1404 2478 1545 2519 critica,

36 2531 153 2569 quum
173 2518 335 2566 reliquae
357 2521 559 2558 debeantur
579 2521 755 2568 ingenio,
790 2522 927 2558 valebit
953 2522 1015 2558 illa
1044 2525 1132 2561 Mss.
1147 2549 1158 2565 ,
1193 2536 1255 2563 aut
1278 2526 1316 2561 P.
1339 2518 1545 2574 'posterion

37 2581 200 2617 cumque
221 2569 281 2605 hic
301 2569 430 2605 reddat
451 2570 638 2607 interdum
657 2572 831 2611 liberius,
866 2571 926 2606 illa
950 2573 1036 2608 Mss.
1059 2574 1186 2620 potius
1217 2587 1362 2618 tamen,
1408 2576 1498 2612 olim
1525 2588 1543 2612 a

36 2630 99 2657 me
118 2618 217 2655 forte
237 2617 466 2663 recipienda
501 2619 667 2656 faciente
690 2622 801 2657 Vern.
822 2633 896 2656 vet.
917 2633 999 2657 cum
1021 2624 1105 2671 ssg.,
1145 2623 1205 2660 sed
1226 2638 1298 2660 tec.
1319 2637 1400 2661 cum
1426 2629 1450 2661 Ι)
1477 2652 1488 2669 ,
1524 2640 1544 2662 e

37 2666 144 2704 cuius
164 2665 311 2716 posteris
333 2679 517 2711 praeterea
538 2669 736 2717 aliquando
757 2670 946 2706 eliciebam
967 2676 1037 2713 τοῖς
1059 2678 1103 2714 εἰς
1123 2689 1155 2710 τ.
1177 2679 1227 2711 ἐς.
1247 2680 1315 2717 αι’..
1342 2675 1441 2723 quod
1461 2676 1483 2711 i.
1507 2688 1542 2723 q.

36 2715 340 2806 austrialibi‘rotc
351 2714 464 2764 ὅςεςον
483 2729 521 2754 et
533 2723 604 2761 τοῖς
615 2723 659 2762 εἰς
678 2716 815 2766 iissem,
843 2721 1160 2768 quorumillerofc
1173 2723 1276 2760 artic.
1298 2725 1544 2772 expelleretur

77 2764 148 2807 tile
163 2767 208 2807 ab
227 2770 271 2813 εἰς
284 2765 390 2806 simili
405 2790 417 2810 ‚
449 2765 512 2806 sed
532 2767 720 2818 susceptus
735 2768 908 2807 redderet
925 2770 1121 2810 clariorem
1133 2771 1426 2822 oppofitionem,
1449 2788 1541 2815 cou—

94 2815 98 2817 ’
842 2830 864 2875 1
