1798 3163
146 91 151 95 '
220 125 392 174 LIBER
415 124 449 167 I.
495 123 620 168 CAP.
639 122 715 165 III.
754 122 807 164 Α.
832 121 889 164 V.
913 121 962 166 C.
989 129 1051 174 93
1068 129 1112 171 3.
1152 117 1371 164 CHR.N.
1393 120 1509 167 180.
1592 118 1661 185 82

147 245 258 308 μαῖς
280 237 401 308 fids-cc
432 233 654 286 κινεῖσθαι
674 238 706 282 ².
914 238 997 285 eile
1031 238 1214 303 impelli.

236 362 267 395 z)
295 359 357 391 Ms.
377 355 435 388 Vi.
453 355 626 391 κινοῦμενις.
672 351 784 385 Credo
811 351 966 394 equidem
994 362 1069 384 cum
1093 351 1255 386 Strotho,
1287 349 1389 381 latere
1407 348 1464 381 hic
1481 348 1658 388 κινόὗμενον.

146 405 233 438 Nam
257 402 308 434 bis
335 410 429 432 terve
454 400 540 431 male
558 397 670 440 posuit
689 396 844 428 librarius
873 396 982 429 noster
1009 411 1037 432 ος
1057 407 1117 438 pro
1138 410 1166 428 ιν
1191 396 1224 427 in
1241 393 1307 428 fine
1326 405 1463 427 vocum.
1483 394 1553 427 Loe.
1587 397 1657 429 Ms-

147 449 208 480 Ve.
227 451 298 486 ‚facien
314 449 497 485 κινούμενος,
523 443 577 475 sed
596 442 660 474 Ms.
680 443 737 475 Ba.
757 444 828 479 ἑᾶς-κ
846 446 1010 481 κινούμενον
1028 451 1082 479 λη
1107 452 1141 474 v.
1162 439 1210 473 N.

145 549 207 575 tur
226 537 326 585 syn„
356 533 417 571 sed
435 531 512 569 line
529 531 633 569 subst.
655 541 737 575 239,
759 544 816 576 17.
839 536 922 580 634,
941 542 972 574 8.
1002 541 1085 573 288,
1108 544 1165 574 17.
1188 542 1270 578 374,
1296 542 1375 576 14.,
1401 539 1442 566 et
1461 541 1544 567 cum
1566 540 1657 579 gen.

143 587 271 634 aliquo
288 586 347 621 τδν
364 579 510 628 τυχόνθ’
526 581 612 626 ὖμῶν
633 594 665 619 λ.
689 586 770 625 516,
790 594 846 618 20.
884 585 966 626 566.
985 595 1012 627 ς.
1033 596 1071 619 et
1090 583 1138 628 τῷ
1155 578 1296 626 τυχόντι
1317 587 1382 617 τῶν
1400 587 1544 617 πολιτὸν
1569 587 1655 626 328.

146 648 224 681 ι4.,
252 646 296 669 ut
312 647 371 682 ap.
396 632 512 668 Diod.
535 632 570 668 S.
593 645 624 673 1,
647 632 777 679 3594).
793 644 848 674 50.
868 639 898 669 οἱ
914 632 1080 678 τυχόντες
1101 639 1167 669 τῶν
1185 636 1337 672 ἰδιωτῶν,
1363 629 1511 678 quilibet
1532 641 1553 664 e
1573 630 1656 664 vul-

134 697 210 734 go,
238 697 304 730 pro
326 683 472 731 quilibet
487 681 646 728 civinm‚·
677 693 719 717 ut
741 693 811 717 nec
833 682 991 718 omuino
1013 682 1144 726 probo,
1171 692 1253 717 cum
1266 679 1384 717 solum
1406 676 1425 715 ὅ
1443 676 1558 723 τνχοὲν
1570 676 1657 714 red-

140 733 243 770 ditur
263 734 410 775 cfuilibet
433 744 454 769 e
470 731 599 778 vulgo,
625 730 672 766 cf.
691 731 772 768 Ind.
783 733 872 768 Luc.
892 742 931 768 et
949 733 992 768 ad
1006 731 1128 768 Thuc.
1150 735 1278 777 p.⁶48·
1300 741 1330 764 a.
1343 741 1377 765 e.
1396 726 1486 774 adp.
1503 731 1587 773 3¹6,
1600 735 1656 770 802

140 795 211 831 pro
229 794 305 827 quo
326 782 430 819 forte
449 781 583 817 rectius
604 794 692 816 unus
711 793 731 816 e
752 782 856 829 -υιιζξο
872 780 896 816 s.
914 783 1049 830 populo.
1075 792 1109 815 v.
1125 778 1211 829 Vig.
1232 792 1269 827 p.
1283 781 1366 824 296.
1381 777 1447 816 Nr.
1462 788 1520 819 17.
1538 777 1657 814 'Tum

138 832 247 869 subst.
269 837 330 877 ἀφ.
351 834 388 867 Ρ.
410 830 586 878 exprimit
604 830 743 877 duplici
762 829 864 867 subst.
878 856 889 870 .
917 842 959 867 ut
977 831 1037 867 alii
1055 830 1161 872 aliis,
1187 842 1220 864 v.
1244 827 1347 865 Foes.
1364 828 1458 863 Oec.
1481 839 1518 874 p.
1536 837 1594 871 70.
1615 826 1654 862 b.

138 895 190 919 m.
207 880 289 918 Ind.
306 881 409 917 Polb.
423 905 433 921 ,
461 878 556 916 Prie.
574 880 615 916 ad
635 892 647 915 1
662 880 764 916 Tim.
784 893 817 925 5,
842 892 896 923 14.
923 880 1022 916 Suic.
1036 880 1110 916 Th.
1127 882 1260 928 p.604.
1280 891 1313 923 e.
1341 874 1495 913 Munth.
1514 888 1551 924 p.
1565 878 1652 932 365⁵

139 945 196 974 e.‚
222 930 323 966 forte
344 943 364 965 e
382 930 421 965 L.
442 929 560 966 Schw.
576 954 585 968 ‚
613 942 693 965 tum
713 931 835 977 Heyn.
859 928 972 976 Epist.
995 941 1031 976 p.
1047 940 1126 972 119.
1139 941 1195 977 e..
1222 927 1289 975 qui
1311 937 1434 962 tamen
1461 937 1498 972 p.
1524 936 1604 969 121.
1624 937 1654 965 ι,

142 990 224 1021 181.
247 980 273 1015 i.
304 990 450 1015 tantum
472 979 596 1015 reddit
616 992 694 1015 uno
714 979 916 1024 occasiones,
942 988 986 1017 ut
1004 977 1080 1018 alii,
1105 989 1141 1012 v.
1160 976 1284 1023 Kypk.
1298 988 1334 1015 2,
1353 986 1432 1019 ¹70·
1442 987 1475 1011 e.
1485 974 1528 1011 L.
1538 974 1587 1012 N.
1597 975 1651 1017 T.

137 1031 226 1070 Krb.
249 1040 287 1064 et
302 1028 420 1065 Fisch.
443 1039 483 1064 et
502 1028 613 1063 huius
631 1029 711 1064 lnd.
735 1028 930 1074 Theophr.
943 1051 954 1068 ,
983 1026 1044 1062 sed
1063 1025 1149 1072 ansa
1167 1025 1349 1062 Dion.H.
1367 1025 1405 1060 S.
1423 1025 1472 1059 T.
1496 1036 1526 1061 1.
1540 1049 1554 1067 ‚
1586 1023 1654 1060 hie

137 1089 184 1116 ut
200 1077 352 1121 sufficiat
369 1077 611 1118 alterutrum,
638 1076 778 1112 occano
799 1077 824 1113 s.
847 1076 948 1112 causa
962 1101 972 1118 ,
1001 1076 1049 1112 cf.
1070 1077 1138 1112 Gs.
1156 1076 1202 1112 ad
1221 1076 1309 1118 Luc.
1322 1098 1335 1115 ,
1362 1073 1453 1110 Bud.
1474 1073 1516 1110 C.
1541 1084 1650 1119 1004.

136 1141 194 1171 e.,
217 1129 298 1173 Stp.
319 1127 392 1173 Th.
411 1125 581 1167 aliunde,
615 1126 655 1162 L.
675 1125 758 1162 Ern.
773 1151 784 1170 ,
810 1126 853 1162 it.
873 1127 950 1163 lnd.
964 1126 1006 1162 R.
1026 1126 1092 1162 Or.
1112 1125 1161 1161 V.
1184 1129 1218 1161 6.
1242 1136 1275 1168 7.
1293 1122 1338 1162 Is.
1349 1136 1388 1160 et
1398 1125 1532 1165 Dem.,
1553 1124 1653 1160 Xen-

134 1178 254 1214 Mem.
275 1179 311 1213 S.
332 1187 371 1212 et
388 1175 519 1215 flach„
546 1175 588 1211 it.
608 1176 694 1212 Gat.
711 1177 755 1212 ad
766 1177 857 1212 Ant.
878 1190 915 1222 9,
939 1188 968 1211 r.
991 1188 1024 1222 p.
1040 1179 1121 1210 262.
1138 1176 1173 1212 b.
1192 1176 1241 1211 D.
1263 1186 1336 1214 m.,
1362 1171 1441 1209 Cas.
1454 1173 1499 1210 ad
1510 1172 1654 1210 Athen.

136 1239 174 1268 2,
199 1237 276 1270 ¹75·
301 1235 341 1261 et
359 1224 403 1269 ad
423 1224 618 1268 Theophr.
638 1237 674 1272 p.
695 1236 773 1268 129.
794 1238 850 1266 e..
876 1224 934 1262 ed.
958 1224 1074 1263 Fisch.
1098 1238 1202 1274 μμ.
1223 1223 1273 1262 i..
1302 1223 1408 1262 Fabr.
1420 1221 1465 1259 ad
1483 1223 1520 1258 S.
1541 1223 1652 1270 Emp-

134 1288 175 1325 p.
199 1279 279 1319 196.
301 1274 352 1311 N.
370 1286 425 1322 g.,
458 1274 559 1309 Hdb.
583 1274 629 1311 ad
646 1276 745 1311 Xen.
770 1288 803 1322 p.
830 1286 906 1320 ¹04·
929 1288 960 1310 e.
998 1274 1103 1311 Suid.
1127 1286 1159 1315 1,
1182 1284 1264 1321 397.
1284 1286 1334 1309 m.
1356 1271 1440 1308 Hes
1470 1285 1501 1314 1,
1520 1275 1539 1307 6
1568 1284 1604 1317 z.
1623 1270 1652 1308 i.

133 1337 220 1361 cum
241 1325 292 1361 N.
312 1324 433 1365 Kust.,
459 1325 563 1360 cuius
579 1323 603 1360 fi
629 1337 714 1361 vera
733 1324 838 1361 sunt:
874 1324 975 1361 forte
995 1337 1075 1360 non
1099 1323 1305 1361 audiendus
1323 1322 1504 1359 Abr.Dil.
1520 1323 1556 1357 T
1586 1347 1596 1357 .
1610 1332 1652 1368 p,

135 1380 218 1419 649.
239 1387 310 1416 m.,
337 1372 531 1410 hauriente
549 1374 685 1411 Nostro
702 1373 743 1410 in
762 1375 828 1411 usu
849 1375 956 1410 huius
975 1373 1080 1410 subst.
1099 1373 1258 1419 maxime
1277 1373 1444 1414 eDem.‚
1468 1382 1653 1420 ap.quem.

133 1423 184 1461 est
203 1422 319 1460 solum
341 1434 431 1468 451,
452 1436 509 1468 4.,
546 1423 605 1460 sed
634 1436 719 1460 cum
738 1424 810 1460 adi.
825 1429 947 1469 μικρὰν
965 1429 1028 1471 ἒιφ.
1051 1433 1112 1469 48,
1133 1428 1191 1466 6.,
1232 1423 1274 1459 it.
1300 1427 1442 1464 πλείςας
1470 1430 1547 1462 128,
1574 1432 1652 1465 27.»

132 1485 219 1511 cum
239 1473 414 1509 adiunfio
437 1477 592 1519 ἀφορμὴν
610 1494 645 1501 —-
665 1482 719 1510 na)
738 1472 885 1518 τοῦνομα
909 1484 990 1517 171,
1005 1487 1064 1510 22.
1100 1479 1164 1516 τὰς
1185 1479 1246 1519 aq».
1269 1477 1398 1513 ταύταις
1417 1477 1472 1509 καὶ
1489 1476 1551 1513 τὰς
1571 1483 1654 1517 προ-

133 1529 258 1569 Φάσεις
278 1534 356 1566 279,
379 1534 456 1564 25..
483 1522 523 1558 it.
543 1535 629 1559 cum
648 1535 729 1572 gen.
750 1529 887 1570 ἀφορμὴ
907 1526 970 1560 τοῦ
990 1526 1100 1566 κακῶς
1119 1527 1250 1570 φρονεῖν
1270 1534 1302 1559 Α.
1328 1524 1384 1563 16,
1407 1533 1462 1564 1.,
1496 1520 1540 1557 it.
1564 1531 1653 1556 cum

132 1585 258 1620 praep.
279 1570 367 1609 πολι)
387 1577 456 1618 'ste
477 1579 610 1614 πλείους
630 1577 693 1619 εἰφ.
711 1580 756 1615 εἷς
782 1573 824 1611 τὸ
845 1586 878 1611 λ.
903 1586 961 1620 24,
991 1580 1047 1616 18.
1072 1578 1136 1620 ἕιφ.
1156 1572 1240 1619 τρδς
1260 1579 1319 1616 τῆν
1339 1585 1372 1610 λ.
1396 1575 1480 1616 156,
1497 1581 1558 1617 ‘520-
1586 1574 1654 1617 ἀφ·

132 1627 186 1661 ἐπὶ
205 1627 251 1659 τὰ
269 1634 301 1659 λ.
323 1632 382 1667 37,
405 1633 463 1659 21.
491 1626 574 1666 546.
604 1632 657 1663 18.
1504 1621 1510 1631 ²

187 1672 216 1716 ξ.
234 1672 312 1718 mv.)
341 1673 473 1718 Inepte
494 1672 586 1707 Cod.
609 1673 680 1711 Ve.
701 1672 729 1719 ξ.
751 1678 960 1718 κινούμενος,
991 1672 1057 1709 nisi
1079 1673 1193 1710 lateat
1212 1675 1421 1715 κινούμενον,
1455 1669 1560 1719 quod
1579 1667 1654 1705 ele-

134 1731 268 1768 ganter
289 1720 427 1757 dicium
446 1720 548 1757 foret
562 1746 573 1761 ,
603 1733 717 1770 atque
738 1734 822 1758 vera
842 1723 952 1760 lestio
973 1721 1042 1759 effe
1063 1722 1223 1758 videtur.
1275 1722 1406 1758 Notus
1425 1719 1476 1756 est
1493 1719 1556 1755 hic
1568 1729 1654 1765 par-

135 1768 353 1815 ticipiorum
373 1770 456 1806 usus
475 1771 534 1805 vel
561 1770 768 1812 tironibus;
804 1783 918 1818 quare
945 1771 1126 1819 exemplis
1147 1784 1226 1808 non
1249 1782 1345 1817 opus
1369 1769 1452 1807 erit.
1512 1769 1653 1816 Neque

134 1830 351 1864 quenquam
370 1818 600 1856 librariorum
625 1821 862 1868 participium
882 1834 949 1868 pro
968 1813 1161 1859 infinitivo
1179 1819 1398 1858 substituisse
1419 1829 1514 1867 puto
1527 1844 1538 1861 ,
1563 1828 1651 1855 cum

135 1868 249 1906 altera
268 1867 378 1902 lestio
402 1866 446 1903 fit
465 1869 583 1904 multo
602 1868 759 1906 facilior.
786 1871 922 1907 Stroth.

166 1965 174 1972 ·
237 1915 358 1952 codd.
379 1916 447 1952 Ve.
469 1927 508 1953 et
525 1917 584 1952 Vi.
609 1918 742 1954 vitium
766 1918 851 1955 fane
869 1921 929 1956 vel
947 1919 1022 1957 line
1040 1919 1135 1956 Cod.
1149 1921 1208 1955 Ba.
1229 1918 1355 1968 detegi
1377 1918 1509 1967 potest,
1533 1916 1653 1955 osten-

136 1965 268 2013 ditque
287 1967 373 2001 Var.
390 1967 428 2003 L.
450 1979 489 2001 ea
502 1992 513 2008 ‚
539 1967 639 2014 quod
664 1967 708 2002 ad
726 1966 759 2012 §.
776 1981 833 2004 12.
855 1981 887 2005 e.
908 1972 974 2006 τῶν
993 1969 1160 2006 dicebam
1175 1994 1186 2010 ‚
1221 1986 1237 2005 ν
1254 1981 1295 2006 et
1312 1984 1327 2009 ς
1349 1965 1561 2006 confundi.
1605 1975 1650 2002 ut

135 2027 176 2052 et
194 2014 331 2056 fastum.
355 2027 386 2057 ¹,
414 2027 447 2057 5,
469 2029 499 2051 2.
524 2029 571 2051 m.
592 2029 628 2053 v,
647 2021 766 2062 δωρκσ.
818 2019 880 2054 An
898 2017 1110 2055 veroleffio
1124 2019 1195 2054 Ms.
1217 2019 1276 2054 Ba.
1294 2030 1379 2054 vera
1395 2017 1446 2059 sit,
1472 2015 1653 2065 equidem

134 2077 216 2103 non
245 2063 356 2100 ausim
382 2065 561 2101 affirmare
574 2091 584 2107 ‚
629 2078 713 2101 cum
746 2067 868 2113 primo
906 2069 998 2104 Mss.
1024 2066 1138 2103 nostri
1178 2066 1224 2102 de
1257 2066 1547 2103 correfflonibus
1579 2062 1653 2100 fint

134 2112 308 2160 suspeffi,
334 2113 446 2150 ctiam
473 2115 511 2150 in
535 2115 671 2152 bonam
691 2127 832 2161 partem
847 2141 857 2156 ,
884 2115 1059 2164 exquisita
1076 2127 1120 2152 ut
1136 2115 1403 2153 substituantur
1424 2114 1652 2158 vulzaribus,

136 2163 273 2200 deinde
291 2162 525 2211 participium
550 2175 674 2204 ortum
699 2165 768 2202 esl'e
798 2167 966 2214 potuerit
991 2180 1011 2203 e
1040 2165 1267 2213 compendio
1294 2166 1335 2201 in
1366 2165 1513 2214 syllabis
1531 2175 1654 2204 extre-

137 2213 230 2254 mis,
255 2211 441 2261 denique,
480 2214 582 2261 quod
605 2215 783 2251 Strothus
806 2229 874 2263 pro
896 2227 999 2253 certo
1019 2213 1166 2257 sumsit,
1202 2228 1235 2250 v.
1258 2217 1336 2262 ἐςᾷν
1359 2215 1494 2251 habere
1515 2212 1595 2260 post
1615 2211 1666 2252 sev

138 2261 400 2308 participium,
424 2260 516 2299 mihi
537 2276 616 2300 non
639 2264 852 2302 innovuerit
870 2266 952 2302 eius
972 2263 1148 2301 reffionis
1167 2265 1381 2312 exemplum
1395 2288 1406 2305 .
1443 2265 1554 2312 quale
1579 2270 1656 2298 nee

137 2311 311 2365 Strothus
329 2311 522 2359 produxit,
548 2326 619 2350 nec
640 2313 678 2348 in
700 2314 778 2362 syn.
799 2320 929 2360 φιλεῖν,
964 2315 1004 2351 in
1026 2313 1154 2359 primis
1174 2314 1212 2350 in
1236 2313 1399 2350 notione
1415 2313 1529 2351 huius
1559 2303 1650 2359 loci.

137 2374 206 2409 pro
226 2362 354 2397 lolere.
404 2363 531 2399 Unum
556 2362 651 2399 illud
673 2363 850 2405 memini,
875 2367 1073 2411 wbyoenqlv,
1101 2375 1165 2410 pro
1184 2374 1409 2400 contentum
1427 2362 1512 2403 else,
1537 2361 1654 2397 etiam

137 2409 334 2447 adsciscere
352 2411 587 2459 participium
606 2425 672 2460 pro
697 2413 765 2449 inf.
780 2439 791 2454 ,
819 2426 853 2448 ν.
875 2412 962 2451 Pols.
984 2414 1090 2461 Synt.
1115 2426 1147 2460 p.
1163 2425 1244 2449 τοο.
1264 2425 1298 2448 e.
1346 2413 1407 2449 Sic
1427 2412 1534 2459 capio
1557 2407 1653 2447 illud

135 2461 219 2497 Ael.
241 2459 288 2494 V.
308 2461 345 2499 h.
369 2470 425 2507 13,
447 2473 507 2506 41.
537 2466 668 2509 p.916·
701 2461 777 2500 εἶτα
800 2466 858 2500 οὐκ
875 2466 1039 2511 ἀγαπᾷς,
1061 2482 1096 2491 -
1115 2468 1203 2507 μετὰ
1222 2467 1388 2505 Φωκίωνος
1407 2457 1652 2501 ἆτοθνιῖσκωνί

135 2521 214 2545 non
235 2521 319 2558 ergo
337 2521 435 2546 amas
454 2523 530 2548 cum
548 2511 612 2548 Ph.
634 2522 781 2549 'nortem
801 2511 988 2562 oppetere.²
1021 2513 1081 2548 sed
1105 2512 1184 2549 lnd.
1211 2525 1320 2556 „non
1340 2511 1430 2549 facis
1443 2512 1513 2548 hoc
1530 2509 1654 2547 liben-

135 2559 254 2596 κύω
295 2571 362 2605 pro
388 2569 429 2595 at
456 2573 536 2597 non
562 2571 747 2599 contentus
775 2575 833 2603 es,
871 2576 954 2600 cum
977 2562 1039 2600 Ph.
1061 2563 1178 2598 mori?
1220 2573 1256 2597 at
1285 2574 1365 2598 non
1395 2560 1478 2598 satis
1498 2559 1548 2596 est
1568 2557 1653 2600 tibi.

135 2606 241 2656 quod
260 2620 343 2663 eum
367 2609 428 2644 Ph.
456 2611 633 2647 moreris?
665 2623 703 2647 at
723 2624 854 2649 nonne
873 2613 1036 2649 libenter
1054 2624 1137 2648 cum
1159 2611 1223 2648 Ph.
1245 2610 1427 2647 moreris?
1464 2620 1502 2646 at
1521 2619 1653 2645 nonne

136 2667 176 2694 et
195 2668 238 2693 tu
254 2657 418 2694 libenter
438 2659 614 2703 moreris,
646 2673 731 2698 cum
749 2662 930 2699 Phocioni
953 2661 1189 2704 moriendum
1210 2659 1277 2698 lit?
1310 2663 1352 2697 lu
1374 2672 1449 2708 quo
1467 2660 1549 2696 Lat.
1569 2657 1653 2693 adv.

136 2706 222 2743 sane
240 2707 331 2744 latet
350 2705 454 2745 simul
476 2710 628 2746 verbum
651 2722 690 2747 et
713 2711 824 2747 notio
847 2710 1055 2748 deleaandi
1076 2711 1122 2750 se.
1147 2709 1323 2752 laetandi,
1350 2708 1528 2758 cupiendi
1542 2719 1582 2743 ac
1593 2705 1657 2744 de-

138 2754 340 2799 fiderandi;
370 2757 471 2794 unde
493 2759 540 2795 ad
557 2759 701 2798 sensum
723 2761 821 2798 reike
844 2761 924 2798 lnd.
945 2773 1010 2810 per
1028 2759 1123 2797 illud
1145 2759 1234 2797 adv.¹
1251 2759 1390 2802 vertit;
1425 2769 1588 2807 cumque
1616 2769 1656 2794 v.
