1772 3158
497 138 795 187 ExcvRsvs
837 120 921 183 AD
954 137 1100 180 ΗΕΒ.
1140 137 1176 181 1.
1489 144 1592 190 927

88 254 253 293 dimissus
271 252 409 293 fueris,
442 251 466 288 s.
487 251 565 299 post
584 249 850 288 dimiffionem,
888 248 928 283 it.
949 259 1028 283 non
1048 246 1166 284 abibis
1194 259 1279 284 cum
1302 244 1468 294 repulsa,
1506 244 1533 280 s.
1553 253 1598 280 ut

88 304 267 353 repulsam
290 314 413 338 tecum
433 302 543 341 feras,

182 363 222 390 it.
240 364 298 398 ap.
322 348 417 387 Plin'.
438 364 496 398 ep.
517 363 548 395 5,
561 362 594 393 9,
609 360 681 392 5.c.
703 359 792 396 quae
808 358 909 382 nunc
927 347 1042 380 omnia
1061 357 1144 379 cum
1159 344 1227 393 ipso
1246 343 1465 389 linefrufi'u
1479 342 1599 390 poste-

90 401 210 438 ritatis
229 402 418 442 abierunt,
452 399 513 436 ubi
534 401 637 434 Cort.
660 398 755 433 rede
775 394 944 431 defendit
963 393 1183 433 leftionem,
1212 393 1352 430 addens
1373 394 1410 429 in
1432 394 1481 429 N.
1509 391 1598 431 nab.

89 451 142 488 est
160 449 400 489 occiderunt,
437 447 606 486 exstinfia
636 446 741 486 sunt,
764 465 803 471 —
832 454 1075 480 evanuerunt.
1132 430 1266 480 Haulit.
1291 444 1334 478 ab
1355 441 1486 478 Tullio
1513 440 1600 480 suo,

89 499 157 548 qui
177 513 234 546 ep.
259 498 343 536 fam.
367 509 400 542 9,
422 510 480 539 20,
506 508 536 540 3.
562 497 626 532 illa
646 509 745 536 mea,
776 505 866 541 quae
884 491 1024 529 solebas
1043 501 1150 528 antea
1171 491 1328 532 laudare,
1346 511 1385 519 —
1399 491 1600 526 abin-unm

91 548 136 585 ad
164 560 272 596 quem
294 549 418 583 locum
440 539 604 587 tacetur,
636 545 745 582 ctiam
766 544 806 579 in
825 542 879 578 (ΖΙ.
901 542 1001 582 Cic„
1040 541 1102 577 ubi
1123 541 1238 576 modo
1266 541 1401 581 „ab-eo,
1435 542 1542 575 Caec.
1563 549 1600 581 7.

91 597 280 634 abiturum
290 610 364 632 eum
377 609 456 632 non
476 595 558 643 effe.
587 595 610 629 i.
633 593 869 630 interfeflum
888 590 962 626 iric<
990 592 1096 626 aliter
1110 602 1232 626 tamen
1244 590 1452 636 explicante
1462 589 1599 625 Graev.

90 648 140 683 N.
156 671 167 687 ‚
197 645 242 682 sc.
264 647 416 692 impune
436 651 498 681 aut
517 645 643 680 vivum
657 670 666 685 ,
689 642 798 678 nobis
818 641 914 677 nicht
934 639 1110 688 lebendig
1123 665 1132 680 ,
1153 640 1219 675 mit
1240 639 1326 675 dem
1344 639 1457 675 leben
1475 637 1600 674 daven

90 694 265 736 kommen3
302 694 403 742 quod
425 706 547 730 tamen
567 693 715 729 tandem
739 691 868 727 redeat
884 689 926 725 ad
940 690 1033 742 lim.
1350 735 1356 742 ⁸
1453 734 1459 741 ι

192 748 230 784 2)
258 744 297 780 in
317 757 351 779 ν.
370 744 525 779 interire
547 742 641 778 nihil
663 755 720 789 ap.
739 741 786 777 G.
799 740 873 776 Th.
887 763 898 780 ,
925 738 986 775 led
1006 736 1082 774 lud.
1104 738 1219 773 Corn.
1235 737 1284 774 N.
1316 745 1480 776 „interit
1495 744 1600 784 pecu-

89 795 174 833 nia,
212 793 233 829 i.
264 793 502 841 prodigituru
530 792 576 828 ad
606 791 773 831 sensum,
809 803 855 827 ex
885 801 919 828 2,
942 801 975 830 2,
998 802 1054 830 ιη,
1096 788 1158 823 ubi
1190 787 1238 823 N.
1268 795 1457 833 comparat
1484 785 1601 839 ino-do

90 842 360 887 ἀποσβέννυται,
405 854 491 878 cum
523 841 677 889 propius
704 840 747 876 fit
772 838 936 875 nostrum
964 837 1116 882 οἴχετωι,
1151 835 1255 884 quod
1280 835 1328 871 de
1353 846 1513 882 pecunia
1541 845 1603 869 m-

87 891 144 928 fra
165 892 295 931 aderit,

159 947 162 952 '
194 945 232 987 3)
263 940 300 976 in
323 953 356 975 v.
378 940 474 976 obire
491 950 637 983 tantum
661 946 743 982 508,
766 947 820 983 38.
840 947 960 973 morte
978 937 1095 976 obire,
1122 935 1360 981 eSuet.Aug.
1381 944 1412 967 c.
1430 945 1476 976 4.,
1504 942 1603 979 quae

89 989 251 1026 formula
265 1014 276 1030 ,
310 989 352 1025 in
375 990 434 1026 ed.
458 991 581 1025 Burm.
603 989 652 1025 N.
667 1000 754 1030 ,non
776 985 916 1023 firmata
937 985 1137 1033 exemplis,
1173 982 1282 1020 facile
1302 995 1429 1020 tamen
1448 981 1601 1018 sustinet

91 1037 127 1075 se
156 1052 198 1075 ex
218 1038 270 1087 sq,
1518 1059 1526 1067 ,

190 1090 230 1133 4)
255 1098 378 1138 pereo,
396 1088 609 1133 -o’lxofmq‚
634 1082 742 1134 zq‘g‘m,
778 1096 821 1122 ut
844 1085 1018 1126 interire,
1054 1084 1164 1131 plane
1183 1082 1304 1124 abire,
1338 1093 1381 1118 ut
1407 1091 1602 1128 nunquam

94 1137 223 1173 redeas
237 1162 248 1179 ,
279 1141 340 1178 (ex
363 1136 593 1184 etymologia
616 1135 797 1182 quidem.)
816 1136 915 1181 quod
939 1146 1018 1170 tum
1039 1134 1084 1168 de
1103 1145 1238 1173 morte,
1259 1144 1340 1169 tum
1361 1131 1407 1167 de
1425 1131 1500 1167 alio
1514 1128 1604 1170 fine,

94 1186 364 1239 corruptione.
402 1186 558 1222 interitu
577 1185 793 1226 adhibetur,
812 1205 846 1212 -
869 1185 972 1221 labor
995 1184 1128 1218 irritus
1146 1184 1233 1218 anni
1250 1182 1419 1230 perit,—-
1443 1178 1604 1234 pecpniq

90 1236 224 1283 periit,
247 1257 285 1262 —
310 1236 434 1284 puppis
453 1235 573 1271 hausta
589 1235 709 1282 perit,
728 1255 765 1261 —-
792 1234 894 1269 urbes
912 1232 1084 1269 funditus
1102 1241 1252 1279 pereunt
1265 1255 1274 1270 ‚
1308 1231 1377 1266 leto
1406 1237 1605 1278 praecipitz

90 1287 232 1332 perire,
255 1305 290 1312 -
308 1297 428 1320 morte
451 1285 604 1324 merita,
624 1304 660 1312 -
679 1283 775 1331 perit
794 1283 884 1323 tibi,
900 1281 934 1321 vi.
955 1294 1023 1317 tuo
1045 1282 1212 1326 periculo
1229 1278 1269 1323 (s.
1294 1279 1454 1320 damno,
1481 1277 1528 1312 cf.
1549 1277 1602 1313 N.

90 1333 137 1369 ad
158 1332 282 1370 Nostri
303 1332 457 1376 locum,)
475 1332 668 1379 Ulpian.-
687 1343 812 1369 utrum
829 1332 929 1370 mihi,
950 1344 993 1366 an
1014 1330 1082 1365 tibi
1101 1328 1269 1376 perierit,
1295 1327 1504 1377 quaestionis
1523 1325 1604 1372 est“

91 1383 198 1418 cuius
215 1381 259 1416 ad
279 1382 345 1417 Gr.
368 1395 402 1416 v.
424 1381 514 1418 Phil.
534 1383 570 1416 in
591 1382 640 1417 Fi.
664 1392 793 1427 p.749,.
808 1393 840 1416 e.
871 1378 959 1426 ἔρῥει
978 1386 1036 1425 μέν
1059 1394 1110 1416 σοι
1131 1383 1176 1415 τὰ
1196 1376 1265 1415 dos-<3
1284 1383 1438 1423 τιβεςίου
1450 1382 1602 1422 Νέρωνος

89 1434 153 1468 τοῦ
179 1429 321 1472 παιὸδς,
356 1428 409 1475 nov)
437 1425 528 1478 ἕῤῥει
558 1435 592 1468 δὲ
619 1430 674 1472 xm}
701 1429 720 1466 ὅ
739 1428 814 1475 μετ’
842 1433 960 1468 ἐκεῖνον
980 1434 1072 1468 ἐλπὶς
1101 1423 1234 1473 ἕταῖρός
1262 1443 1313 1464 σοι
1336 1432 1500 1472 Μάκρων,
1522 1434 1605 1473 per·

87 1479 136 1516 iit
158 1480 222 1516 rel.

190 1531 226 1573 5)
253 1529 428 1569 occidere,
449 1547 488 1556 -
506 1539 627 1564 morte
650 1538 800 1565 aeterna
817 1528 938 1563 Valer.
960 1526 1132 1562 -ffomus
1151 1538 1224 1562 una
1248 1525 1372 1561 occidit
1392 1523 1505 1561 Ovid.
1520 1522 1601 1572 spes

93 1579 213 1614 nostra
231 1579 373 1618 occidit,
391 1577 471 1613 h.e.
494 1578 539 1613 de
557 1577 620 1625 spe
639 1577 874 1613 decidimus“
901 1577 948 1612 cf.
964 1577 1000 1611 in
1014 1575 1119 1612 subst.
1135 1575 1210 1612 hoc
1226 1587 1307 1621 519,
1325 1583 1380 1619 58.
1401 1585 1441 1610 et
1453 1575 1507 1611 Cl.
1522 1573 1603 1610 Cic.

92 1625 168 1663 sine
187 1625 318 1673 explic.
337 1625 479 1663 occidit
498 1627 641 1667 vita,·-
653 1626 859 1664 sententiae
878 1627 1052 1667 occidunt,

194 1677 231 1719 6)
255 1674 439 1723 evanesce,
465 1676 672 1722 dcpava‘gosaem
686 1700 695 1716 ,
722 1677 759 1721 (e
778 1688 855 1729 quo
873 1676 972 1711 forte
993 1676 1069 1711 Lat.
1090 1675 1248 1717 ortum.)
1267 1673 1418 1710 inanem
1437 1671 1535 1714 fieri,
1564 1682 1604 1709 et

95 1724 137 1761 in
165 1724 327 1761 nihilum
357 1724 498 1773 redigi,
534 1736 635 1762 certe
659 1727 678 1761 e
700 1725 895 1772 conlpeftu
914 1723 1097 1761 subduciu
1133 1724 1236 1771 quod
1259 1724 1322 1758 Gr.
1345 1724 1400 1760 ini
1431 1722 1604 1763 vicinius.

189 1774 228 1819 7)
253 1776 345 1817 cedo,
367 1795 404 1802 -
423 1774 542 1814 abire,
570 1776 661 1811 Hor.
683 1775 828 1822 lmlefit
845 1798 855 1816 ,
888 1784 927 1809 ut
949 1787 1059 1814 raro,
1085 1774 1147 1820 qui
1169 1774 1290 1808 exablo
1308 1783 1490 1809 contentus
1513 1783 1606 1809 tem-

92 1832 181 1872 pore
200 1823 299 1859 virae
324 1825 454 1863 cedat,
489 1825 546 1860 uti
562 1825 716 1860 conviva
732 1823 850 1872 satur,
879 1824 1040 1872 reperire
1059 1835 1234 1872 queamus,
1254 1843 1287 1850 -
1309 1835 1328 1858 e
1345 1831 1488 1869 corpore
1507 1821 1606 1858 ceffit

94 1873 215 1909 anima
226 1874 330 1909 Lucr.
341 1874 423 1907 -in
434 1884 533 1909 auras
543 1875 714 1909 cedere.-
726 1872 865 1911 Pseudo
877 1892 914 1898 —
927 1872 1004 1909 Cic.
1016 1874 1132 1908 cedam
1141 1873 1234 1913 vita,
1243 1892 1279 1898 -
1289 1872 1440 1908 honeste
1455 1871 1605 1912 dicium,

93 1933 164 1970 pro
176 1934 234 1961 eo,
249 1923 349 1968 quod
360 1922 421 1968 est,
439 1923 540 1959 ultro
555 1923 597 1957 ad
611 1933 768 1959 mortem
780 1922 963 1963 accedam,
982 1933 1141 1958 mortem
1152 1922 1243 1957 mihi
1259 1920 1490 1961 consciscam,
1511 1923 1606 1968 (quo

94 1981 134 2008 et
147 1971 302 2007 inclinat
321 1972 405 2008 Ern.
427 1970 471 2007 ad
490 1971 566 2009 Cic.
586 1972 785 2018 Q.Tusc.
800 1983 829 2012 1,
844 1984 896 2016 ις.
915 1971 938 2008 s.
953 1983 1010 2018 35.
1028 1972 1089 2020 qui
1107 1971 1181 2007 vita
1200 1971 1362 2018 effrint
1393 1973 1605 2018 „quaedam

93 2019 179 2056 edd.
190 2034 207 2056 e
218 2021 310 2056 vim.
345 2021 417 2056 Sed
430 2022 518 2058 haec
530 2021 660 2068 phralis
672 2023 724 2057 dr.
737 2020 884 2069 proprie
897 2021 942 2058 de
953 2021 1009 2064 iis,
1023 2019 1085 2070 qui
1101 2019 1208 2068 seipfi
1219 2020 1455 2057 interfecere.
1492 2021 1606 2068 flgitur

94 2070 219 2105 malim
234 2069 466 2118 excestriam
490 2070 590 2119 quod
612 2083 735 2107 tamen
758 2069 911 2107 estnihil
927 2070 1046 2111 aliud,
1073 2082 1183 2117 quam
1203 2070 1364 2119 ceffi‘rint
1377 2083 1420 2107 ex
1431 2072 1534 2111 vita,
1562 2075 1607 2105 u't

93 2118 203 2169 glossa
215 2121 605 2167 meminudevitaper
616 2120 776 2158 additam
790 2132 933 2168 praep.,
961 2120 1169 2168 quaesaepe
1180 2120 1389 2162 omittitur,
1409 2120 1606 2168 positoque

94 2168 250 2216 {implici
265 2181 332 2215 pro
351 2168 515 2216 compos.
529 2195 538 2212 ‚
566 2181 608 2206 ur
629 2182 683 2216 ap.
697 2171 745 2206 G.
757 2169 830 2208 Th.
845 2183 951 2207 antea
964 2196 975 2210 ,
1001 2182 1043 2207 ut
1060 2182 1140 2205 non
1153 2171 1267 2206 modo
1286 2170 1461 2219 inpatria
1473 2170 1606 2210 cedere.

95 2217 157 2255 sed
177 2230 215 2254 ct
236 2218 372 2254 deinde
391 2218 439 2254 ib.
464 2231 520 2266 ap.
541 2220 629 2254 Tac.
647 2218 728 2255 hist.
752 2231 786 2260 2,
811 2230 865 2264 55.
885 2217 1003 2268 ceffiſje*
1022 2217 1096 2255 vita
1116 2220 1298 2259 Othonem,
1329 2231 1424 2268 quae
1442 2218 1606 2255 formula

90 2278 177 2305 ‘tum
198 2267 270 2308 ibi,
305 2277 384 2303 tum
406 2281 471 2315 per
493 2267 528 2304 se
549 2267 722 2305 universe
741 2269 817 2309 dr.,
841 2269 966 2316 deque
985 2269 1108 2310 omni,
1134 2267 1195 2317 qui
1217 2282 1237 2305 e
1258 2268 1334 2305 vita
1356 2270 1484 2311 abeat,
1509 2280 1606 2316 quo-

91 2316 247 2365 ²cunquc
275 2318 412 2357 modo,
456 2315 529 2353 five
561 2317 799 2359 naturaliter,
839 2318 912 2355 sive
940 2319 995 2361 νὴ
1039 2318 1139 2355 unde
1169 2317 1300 2355 melius
1325 2320 1382 2355 (ΣΙ.
1413 2318 1491 2355 Cic.
1517 2331 1551 2354 v.
1571 2329 1605 2353 e.

93 2368 244 2407 „cedere
259 2365 446 2403 interdum
467 2367 515 2403 est
533 2366 741 2414 {impliciter
761 2380 828 2414 pro
849 2368 971 2411 abire,
999 2381 1042 2405 ut
1059 2370 1098 2405 in
1121 2369 1186 2404 illo
1204 2370 1325 2405 cedere
1341 2369 1454 2414 vitm)
1474 2369 1552 2406 Cic.
1565 2386 1606 2395 —-

91 2413 186 2462 'cfft
205 2429 225 2451 e
245 2417 346 2457 vitu,
379 2416 403 2452 i.
426 2427 593 2453 mortuus
614 2416 674 2452 est.
738 2417 964 2465 Simpliciter
989 2418 1080 2465 (line
1111 2418 1372 2465 supplemento
1403 2419 1505 2457 iuius
1534 2418 1604 2454 abl.

91 2465 157 2502 vel
174 2465 288 2507 nudi,
326 2466 388 2502 vel
415 2477 501 2503 curn
533 2468 672 2514 praep.)
692 2466 787 2503 Plin.
805 2468 891 2503 Pan.
909 2486 950 2496 -·
974 2467 1110 2516 effrit
1131 2480 1259 2514 parum
1273 2478 1427 2526 gratus-3·
1461 2470 1486 2506 i.
1508 2479 1606 2504 moi:-

94 2525 180 2550 tuus
203 2513 261 2555 fit,
280 2535 321 2543 —-
339 2515 460 2551 cedere
471 2516 584 2563 fato,
611 2517 630 2551 i.
652 2518 769 2558 mori,
803 2516 877 2553 Liv.
902 2537 939 2544 -
960 2529 1046 2554 cum
1065 2518 1227 2565 quodam
1250 2520 1508 2566 euphemismo
1522 2542 1532 2560 ‚
1558 2521 1607 2559 de

91 2562 303 2600 voluntaria
331 2575 473 2606 morte,
516 2567 682 2611 (tacente
709 2566 790 2602 lnd.
819 2568 926 2609 Ern..
965 2568 1026 2604 ubi
1050 2569 1138 2613 fato
1165 2566 1215 2603 est
1243 2566 1267 2603 i.
1289 2579 1324 2616 q.
1345 2579 1466 2606 morte
1492 2569 1516 2606 s.
1539 2583 1606 2619 per

91 2625 276 2651 mortem,
323 2623 362 2650 et
389 2613 489 2650 deest
521 2614 655 2652 iteruin
682 2629 700 2651 e
726 2616 838 2661 vita.)
857 2634 896 2644 —-·
925 2616 1130 2657 formulae,
1174 2617 1238 2654 ubi
1274 2619 1397 2654 cedere
1425 2618 1605 2658 dicuntur

92 2674 171 2717 non
191 2661 387 2710 personae,
406 2683 442 2692 -—
469 2663 576 2700 horae
595 2663 747 2712 quidem
771 2668 898 2702 cedunt
917 2677 954 2702 et
974 2667 1068 2707 dies,
1105 2667 1247 2702 menses
1267 2686 1302 2694 -
1326 2668 1438 2712 anni,
1474 2684 1496 2707 ι.
1519 2684 1604 2719 pau-

91 2711 196 2747 {atim
224 2712 386 2756 abeunt,
421 2713 554 2760 (immo
581 2713 697 2763 fimpl.
718 2727 981 2763 praetereunt,
1015 2728 1108 2764 quae
1130 2715 1205 2753 line
1225 2716 1357 2766 explic.
1376 2718 1464 2757 sunt
1483 2721 1521 2758 in
1543 2722 1601 2759 Cl.
