1798 3137
211 175 291 208 xx
755 157 1188 206 PRAEFATIO.

351 268 509 315 Debeo
544 233 767 330 psaeterea
801 278 847 313 et
875 269 1077 327 Iuglero,
1124 267 1240 333 apud
1273 269 1638 330 Luneburgenses
1667 271 1715 319 in

218 336 455 386 Academia
474 337 606 395 regia,
639 353 750 399 quae
762 337 994 398 Equitibus
1018 346 1153 400 patet,
1183 335 1353 384 dofilori
1375 348 1500 383 antea
1513 342 1715 387 omnium

216 407 466 454 litterarum
495 404 622 466 copia
659 400 1002 456 instruffiffimo,
1045 413 1090 448 et
1127 419 1206 465 per
1234 414 1382 450 totum
1412 405 1568 452 orbem
1599 407 1714 454 litte-

216 476 378 521 rarium
411 471 659 526 clarissimo,
711 469 851 515 debeo
878 471 1012 530 igitur
1040 481 1086 516 et
1113 471 1237 525 huic,
1277 475 1402 518 cuius
1433 472 1717 530 seneEtutem,

219 543 352 589 etiam
381 537 531 585 nostro
561 555 662 584 cum
690 537 866 592 dolore,
909 536 1144 585 oculorum
1173 538 1377 586 valetudo
1408 556 1502 585 non
1527 542 1586 587 ita
1607 540 1717 587 mol·

215 610 307 657 lem
337 605 501 662 reddit,
540 616 590 651 ut
618 606 845 668 cupimu8‚
888 602 1030 650 debeo
1060 606 1194 666 igitur
1225 607 1328 653 huic
1349 624 1528 670 quoque
1557 609 1717 667 gratias

214 677 294 725 hic
320 675 491 739 palam,
545 674 666 736 quod
695 670 938 717 editionum
969 672 1211 719 Herodiani
1241 685 1496 737 apparatum
1526 676 1719 722 cumula·

214 742 376 792 tiffime
406 742 548 795 auxit,
596 749 647 785 ut
668 739 776 786 olim
797 738 1076 799 agnoscetur,
1126 738 1204 786 ubi
1232 743 1278 787 in
1298 742 1418 787 hunc
1445 741 1599 789 locum
1624 742 1719 790 fue·

211 813 273 859 rit
299 820 498 860 ventum.

354 925 612 973 Caeterum,
649 927 712 974 ut„
726 919 773 963 in
796 915 1020 963 trassando
1041 918 1254 978 scriptore
1279 916 1428 965 nostro
1447 919 1569 967 hunc
1590 922 1719 967 maxi·

214 1005 346 1040 mum
380 989 581 1035 ducimus
619 986 990 1048 percepimusque
1027 981 1246 1039 frufitum‚
1298 985 1418 1049 quod
1457 989 1718 1035 Graecitatis
1797 1026 1798 1029 η

215 1069 319 1107 tum
344 1055 455 1103 sitim
486 1059 645 1117 (quam
676 1050 886 1111 debemus
920 1051 1169 1115 disciplinae
1197 1051 1368 1098 divinae
1387 1052 1543 1110 Rostii,
1584 1071 1721 1118 quem
1794 1050 1798 1101 i

213 1128 291 1174 hic
321 1139 500 1188 quoque
528 1124 574 1166 in
604 1132 798 1166 extrema
827 1119 1100 1182 praefatione
1130 1130 1339 1166 tenemur
1365 1122 1587 1184 appellare
1617 1138 1720 1169 cum

213 1194 390 1241 summo
429 1190 582 1245 cultu)
627 1187 868 1233 sedavimus
913 1187 1068 1250 plene,
1130 1199 1228 1233 tum
1267 1188 1472 1234 notitiam
1522 1188 1720 1252 quotidie
1784 1215 1794 1246 ,-

214 1262 415 1309 auximus
443 1269 574 1319 atque
604 1255 932 1317 ampliavimus‚
982 1256 1116 1300 etiam
1143 1253 1196 1299 ad
1231 1255 1521 1302 commodum
1550 1254 1720 1302 nostrae
1781 1262 1784 1306 j

212 1328 464 1391 disciplinae
503 1324 807 1376 alumnorum,
858 1320 1017 1384 quibus
1053 1323 1099 1366 in
1135 1322 1425 1384 explicatione
1453 1314 1721 1386 scriptorum
1779 1322 1783 1372 ἑ

213 1395 460 1462 priscorum
489 1391 717 1454 impertire
745 1390 872 1436 licuit
899 1389 1059 1451 aliquid
1082 1406 1106 1433 e
1127 1390 1308 1435 Graecis
1331 1390 1505 1446 litteris,
1545 1388 1599 1435 ad
1625 1393 1722 1445 He·
1778 1386 1781 1420 f

213 1462 448 1510 rodianum
480 1457 691 1505 trattatis:
740 1459 802 1503 ita
841 1455 931 1502 fine
969 1455 1126 1502 fiducia
1162 1457 1294 1502 nimia
1324 1474 1374 1503 ac
1403 1474 1510 1503 vana
1538 1457 1721 1521 praesci-
1776 1458 1779 1488 ³

212 1548 315 1579 mus
355 1546 405 1574 ac
438 1527 722 1590 pollicemur,
770 1524 887 1580 fore,
930 1535 981 1569 ut
1018 1525 1087 1570 alii
1119 1541 1144 1569 e
1170 1524 1322 1570 labore
1358 1522 1508 1570 nostro
1547 1528 1723 1589 capiant
1774 1531 1798 1586 l¹

216 1597 575 1645 emolumentum
609 1592 788 1654 aliquod
824 1603 957 1655 atque
993 1593 1322 1638 incrementum
1356 1593 1623 1652 cognitionis
1655 1593 1722 1640 lit·

212 1677 408 1712 terarum
439 1665 722 1709 Graecarum.

1770 1708 1797 1745 ,ιη

348 1777 441 1832 Qui
470 1772 499 1819 fi
524 1789 656 1836 parva
688 1770 898 1835 quaedam
936 1779 979 1815 et
1018 1771 1167 1816 tenuia
1203 1766 1441 1834 insperfiffe
1472 1769 1720 1829 videamur:
1775 1762 1798 1797 ῥ’

213 1845 483 1908 respeximus
511 1841 610 1886 sane
637 1841 825 1890 tirones,
872 1838 944 1884 sed
976 1848 1021 1882 et
1050 1834 1294 1882 monstrare
1329 1837 1571 1892 voluimuS,
1613 1836 1720 1901 quid
1772 1802 1779 1885 s

211 1909 408 1972 magistri
436 1907 617 1955 subinde
646 1908 691 1951 in
719 1903 953 1952 traaandis
982 1903 1267 1968 scriptoribus
1292 1902 1642 1951 animadvertere
1668 1921 1720 1951 ac
1770 1906 1796 1959 s}

211 1980 379 2027 docere
407 1975 591 2040 possint,
646 1990 748 2020 cum
779 1989 863 2019 nec
891 1971 977 2017 sine
1007 1972 1073 2016 his
1100 1972 1281 2017 minutis
1313 1983 1357 2016 et
1374 1971 1564 2027 levibUS,
1606 1989 1718 2036 quae
1768 1997 1772 2018 :

212 2047 466 2100 videantur,
506 2041 637 2089 rebus
658 2042 796 2105 parari
825 2051 957 2103 queat
986 2038 1091 2085 iusta
1110 2048 1155 2084 et
1175 2037 1338 2085 subtilis
1356 2039 1609 2098 linguarum
1639 2055 1718 2085 no-
1767 2046 1772 2092 J>

214 2116 331 2170 titia,
374 2124 448 2159 aut
478 2108 674 2157 constare
697 2109 1006 2171 interpretatio
1030 2106 1188 2152 severa.
1258 2104 1342 2150 Sed
1371 2103 1444 2150 ista
1463 2107 1636 2152 minuta
1654 2105 1718 2153 su·
1765 2093 1792 2156 ⁸.

210 2191 448 2248 perantur,
490 2189 540 2225 ut
565 2178 717 2242 spero,
759 2173 1043 2223 multitudine
1062 2175 1281 2220 maiorum
1301 2184 1434 2237 atque
1452 2174 1717 2233 graviorum.
1755 2211 1757 2215 .
1788 2177 1791 2219 ς’

345 2296 444 2353 Ego
471 2307 578 2337 vero
613 2287 688 2336 ubi
721 2285 873 2334 nafilus
902 2287 1031 2333 fuero
1070 2285 1233 2331 iudices
1265 2301 1415 2330 rerum
1449 2300 1544 2331 non
1573 2283 1718 2332 solum

211 2360 399 2408 idoneos
432 2369 478 2404 et
505 2359 693 2422 peritos,
735 2355 806 2403 sed
833 2372 1012 2418 quoque
1042 2355 1258 2417 patientes
1299 2352 1457 2398 laboris
1493 2351 1717 2412 cogitandi
1750 2358 1753 2397 ἑ
1781 2354 1783 2389 ἲ

211 2447 299 2492 que
325 2444 429 2474 cum
464 2428 508 2471 in
536 2427 666 2478 lociS,
707 2442 729 2470 a
758 2441 832 2470 me
856 2420 1036 2468 defensis
1067 2437 1117 2465 ac
1139 2418 1403 2476 sustentatis,
1439 2431 1536 2466 tum
1557 2422 1601 2465 in
1621 2435 1716 2465 ver·
1749 2448 1751 2453 ι

209 2495 278 2543 bis
307 2506 350 2540 et
378 2491 602 2556 phrasibus
625 2491 820 2538 subtilius
839 2488 1044 2553 expositis
1065 2485 1294 2551 versisque,
1325 2500 1422 2533 tum
1444 2504 1548 2533 vero
1570 2488 1715 2542 etiam,
1748 2487 1749 2492 ’

210 2563 290 2611 ubi
318 2561 527 2608 iudicium
569 2559 620 2606 fit
658 2559 711 2604 de
738 2556 976 2606 diversitate
1005 2555 1351 2618 interpungendi
1380 2572 1461 2618 per
1498 2553 1715 2599 editiones
1744 2563 1747 2601 i

212 2642 345 2694 atque
375 2627 579 2683 Codices,
627 2637 702 2672 aut
739 2629 784 2672 in
811 2625 967 2672 ordine
999 2640 1048 2669 ac
1078 2622 1185 2669 serie
1216 2625 1424 2668 orationis
1453 2622 1714 2684 periodique
1742 2635 1746 2652 ⁹

209 2693 567 2745 demonstranda:
618 2694 744 2740 facile
780 2691 1101 2758 approbaturus
1139 2690 1295 2738 videor
1336 2689 1505 2737 causam
1553 2705 1743 2745 meam,1
