1772 3158
522 97 823 142 EXCVRSVS
858 98 941 141 AD
978 96 1127 142 LIBR.
1160 97 1195 141 Ι.
1393 144 1395 146 .
1512 108 1614 154 9οἶ

107 217 183 253 ne,
217 205 277 242 cui
296 205 375 252 post
388 205 568 243 Africano
587 220 825 256 cognomen,
850 207 890 244 P.
908 205 1056 244 Licinio
1077 204 1314 247 Consulibus,
1340 203 1378 240 in
1398 205 1580 243 Palatium
1597 219 1619 242 a

107 254 198 292 mari
211 255 395 291 detulerat
460 238 693 293 Locaverant
703 257 831 292 aedem
847 255 1051 292 faciendam
1065 267 1108 292 ex
1118 254 1468 290 senatusconsultus
1482 257 1534 291 Μ
1557 255 1620 292 Li..

107 306 210 359 vius..
244 306 284 339 C.
308 303 484 341 (laudius
503 305 692 346 cemisores
719 307 772 341 M.
787 305 986 343 Cornelio,
1014 305 1050 340 P.
1066 301 1289 349 sempronio
1310 303 1404 339 Con.
1418 306 1620 341 I’redecirn

110 353 216 388 annis
239 353 336 397 post,
374 365 483 400 quam
505 355 622 397 locata
640 366 741 400 erat,
769 353 953 391 dedicavit
970 366 1047 387 eam
1062 352 1114 387 M.
1133 353 1261 388 lunius
1279 354 1434 391 Brutue
1463 352 1619 399 ludique

18 417 24 425 ·
76 394 88 399 ”
106 404 156 437 ob
178 401 451 438 dedicationem
473 403 553 441 eius
577 402 685 444 faeti,
722 415 820 451 quos
841 401 978 448 primos
996 401 1165 437 scenicos
1187 399 1317 442 fuisse,
1351 401 1484 443 Antias
1502 403 1618 442 Vale·

104 450 182 486 rius
201 450 249 486 est
271 450 416 493 auctor,
448 450 638 500 Megalesia
657 452 870 507 adpellatos.

204 500 304 535 Suet.
324 499 408 538 Tib.
428 511 461 534 c.
484 512 515 534 2.
535 513 582 542 m
610 501 732 548 gentis
756 499 922 537 eiusdem
952 509 1111 546 utraque
1139 496 1294 538 Claudia
1320 497 1418 536 fuit.
1455 509 1493 533 et
1521 510 1618 546 quae

104 560 238 584 navem
258 560 343 583 cum
363 548 467 592 sacris
487 549 609 585 matris
631 550 742 593 deum
763 548 1197 594 Ιά3ε3ςμεοῂ3ετςῡῐειτ)
1211 547 1396 592 ΤΙΙιειΙῑο
1416 548 1526 588 vado.
1555 560 1619 584 exp

105 597 236 638 traxit,
272 608 416 642 precata
443 598 651 645 propalam,
692 611 733 636 ut
754 599 804 635 ita
833 598 983 634 demum
1013 596 1249 641 sequeretur,
1293 594 1316 631 ΙΙ
1339 595 1399 631 libi
1430 596 1616 641 pudicitia
1664 605 1668 607 ⁴

104 645 309 686 constaret,
345 657 386 685 et
402 657 491 694 quae
510 647 573 683 rel.
627 648 686 683 Ad
708 648 991 695 quaeTorrent.
1014 645 1052 680 in
1071 646 1119 688 N.
1143 645 1343 684 „historiae
1361 646 1485 686 huius,
1511 658 1616 691 prae·

101 705 158 730 ter
177 694 291 734 alios,
323 707 417 729 mer:
426 707 528 737 inere
547 697 706 738 Tertull.
727 697 862 743 Apol..
897 695 1054 736 Hieron.
1076 693 1340 737 contralovin.
1360 705 1397 729 et
1416 693 1612 736 augustin

101 743 262 779 decivit.
283 742 303 778 l.
322 755 377 787 ιο.
397 756 426 778 c.
445 748 497 780 ι6.
519 740 672 785 Herodi.
681 753 750 780 ι.“
769 744 998 791 sedCalaub.
1017 743 1143 784 „1³15n.
1156 744 1178 779 Ι.
1192 756 1224 787 7.
1244 755 1273 777 c.
1287 755 1343 786 25.
1347 750 1374 769 <‘
1396 743 1486 779 mihi
1511 755 1540 777 c.
1554 753 1611 789 35.

100 790 159 826 fic.
211 794 264 831 De
282 793 470 840 pudicitia
521 794 747 834 Pudiciffima
769 794 908 830 femina
938 793 1048 830 lemel
1078 802 1326 828 matronarum
1347 791 1534 827 sententia
1555 803 1615 827 ιιι·

100 840 221 876 dicata
243 841 291 876 est
308 841 494 889 suspitia,
530 843 712 890 Paterculi
732 842 815 890 filia,
841 855 933 880 uxor
953 841 1071 877 Fulvii
1098 841 1234 883 flacci,
1263 841 1373 877 εΙεὲΙ3
1393 854 1436 876 ex
1456 852 1613 876 centum

101 890 331 973 [η’13ιῑςΙριιΙε,Ι
361 902 454 946 quae
470 880 712 938 simulacrum
722 892 881 929 Veneris
902 903 943 927 ex
964 890 1093 936 Sibyll.
1114 889 1215 927 libris
1235 889 1339 926 dedi.
1325 902 1447 943 (3ηςἲ
1473 891 1614 937 iterum

99 938 152 974 rel
157 938 292 986 igionis
317 938 577 986 experimento
595 938 773 985 Claudia,
805 941 951 976 ΙιιιΙιιξΙ3
972 941 1125 986 Romam
1143 941 1283 985 deorum
1304 950 1432 975 matre.

326 988 395 1036 Ι-Ιίε
414 988 581 1034 addimus
597 990 716 1038 statim
735 990 845 1031 certis
866 991 911 1029 de
934 987 1047 1025 causis

198 1038 320 1079 Amin.
344 1039 450 1081 Marc.
471 1051 530 1081 22,
547 1050 579 1082 9.
593 1052 642 1074 m.
663 1053 697 1087 p
711 1044 791 1083 256
808 1052 856 1093 m..
874 1049 940 1087 per
958 1035 1452 1084 Nicaeamvenjtssulianos)
1467 1035 1509 1072 ad
1525 1034 1613 1075 Gal·
1640 1042 1643 1044 ’

99 1085 302 1125 loaraeciae
314 1084 428 1127 fines.
463 1087 566 1123 unde
583 1087 817 1133 dextrorsus
807 1086 943 1124 itinere
954 1087 1156 1128 declinato,
1186 1083 1388 1131 Peffinunta
1403 1086 1612 1130 convertit,

99 1128 242 1171 visurus
253 1130 389 1178 vetusta
402 1137 529 1173 Matris
542 1138 698 1184 Magnae
718 1136 888 1178 delubra;
916 1149 932 1170 a
947 1148 1022 1182 quo
1035 1134 1178 1182 oppido
1198 1135 1298 1171 bello
1317 1135 1410 1171 l’un.
1433 1135 1469 1170 se·
1466 1135 1614 1177 cundo,

98 1184 261 1219 carmine
271 1186 439 1221 Cumano
451 1196 643 1228 monente,
668 1198 734 1234 per
743 1186 962 1242 Scrpronem
973 1183 1137 1221 Naficam
1150 1183 1376 1226 simulacrum
1390 1185 1615 1221 translatum

97 1233 150 1269 est
167 1235 333 1269 Romam.
377 1234 498 1274 Cuius
519 1235 625 1280 super
643 1237 805 1272 adventu
824 1233 864 1278 in
882 1234 1024 1276 Italiam
1045 1246 1158 1279 pauca
1174 1244 1261 1274 cum
1280 1232 1359 1268 aliis
1384 1233 1474 1273 huit:
1495 1244 1612 1271 mate-

94 1282 173 1318 riae
199 1284 495 1329 congruentibus
517 1283 557 1319 in
584 1283 720 1325 afflbus
739 1276 941 1338 Commodi
973 1283 1151 1329 principis
1173 1279 1382 1328 digeffimus
1404 1293 1470 1327 per
1491 1279 1612 1319 exces-

94 1329 196 1367 sum:
234 1342 345 1383 quam
366 1340 489 1375 autem
507 1332 556 1366 ob
577 1345 654 1376 rem
676 1334 748 1366 hoc
762 1332 919 1368 nomine
939 1331 1164 1378 oppidumi
1143 1329 1184 1366 sit
1201 1330 1438 1376 aripennum,
1459 1331 1613 1367 variant

92 1390 218 1415 rerum
237 1378 445 1423 icriptores
497 1379 660 1423 Quidam
680 1379 782 1417 enim
801 1379 984 1429 figmento
1003 1382 1094 1424 deae
1115 1379 1278 1416 coelitus
1299 1378 1425 1434 lapso,
1458 1383 1530 1417 ἀπὸ
1548 1381 1612 1417 τοῦ

92 1432 218 1467 πεσεῖν,
249 1427 350 1474 quod
370 1430 494 1463 cadere
514 1435 582 1464 nos·
600 1429 777 1471 dicimus,
805 1431 936 1466 urbem
960 1429 1153 1466 adseruere
1173 1430 1488 1477 cognominatam.
1533 1428 1612 1466 Alii

92 1489 325 1519 memorant,
355 1478 474 1523 llum,
504 1478 616 1513 Trois
638 1477 780 1518 filium,
808 1476 1017 1514 Dardaniae
1035 1489 1180 1525 regem,
1209 1477 1332 1513 locum
1345 1476 1610 1524 sicadpellass'e.

92 1516 388 1572 Theopompus'‚
421 1538 502 1565 non
522 1526 614 1562 llum
632 1528 670 1571 id
688 1503 820 1577 egilse,
842 1526 903 1563 sed
914 1527 1055 1575 Midam
1075 1525 1255 1573 adfirmat,
1282 1526 1468 1573 Phrygiae
1491 1538 1614 1573 quon-

94 1574 179 1612 dam
196 1571 374 1622 potenrrſj'
360 1585 464 1612 mum
474 1588 604 1622 regem.

196 1623 338 1659 Minue.
360 1623 433 1669 Fel.
458 1624 586 1660 Ostav.
607 1635 641 1666 7
664 1622 841 1673 &Testis
859 1625 981 1660 Mater
1001 1623 1130 1663 Idaea,
1169 1635 1265 1669 quae
1284 1621 1448 1661 adventu
1480 1623 1545 1661 suo
1572 1637 1613 1662 et

92 1671 266 1720 probavit
285 1682 475 1719 matronae
488 1672 709 1719 castitatem.
737 1684 777 1710 et
795 1674 924 1710 urbem
945 1685 1048 1719 metu
1070 1672 1191 1709 hostili
1209 1674 1393 1710 liberavit.
1443 1673 1504 1710 Ad
1518 1686 1611 1720 quae

91 1722 142 1760 N·
166 1723 299 1759 Celiar.
328 1721 533 1766 ‚Claudiae
553 1723 731 1764 Quintae.
759 1722 823 1758 Sil.
847 1723 868 1758 Ι.
888 1736 940 1766 ¹7·
963 1735 995 1757 v.
1013 1733 1064 1767 34.
1086 1721 1251 1758 Lastant.
1276 1721 1299 1756 l.
1316 1734 1347 1756 2.
1370 1733 1401 1757 c.
1421 1733 1457 1765 7
1480 1723 1504 1760 Γ.
1522 1730 1612 1759 12.“

189 1769 278 1808 Aur.
300 1762 391 1807 Vi&
415 1769 460 1808 de
484 1771 558 1815 Vir.
580 1772 633 1808 Ill.
654 1784 685 1807 c.
701 1783 755 1814 50.
784 1764 1058 1811 LiuiaClaudia
1076 1773 1182 1819 virgo
1205 1768 1361 1819 Vestalis.
1411 1772 1603 1808 Annibale

89 1820 235 1858 Italiam
253 1819 483 1865 devastante,
514 1834 556 1864 ex
580 1820 753 1867 responso
773 1821 952 1859 librorum
973 1820 1125 1868 Sibyll.
1169 1820 1293 1863 Mater
1313 1821 1438 1856 Deum
1461 1833 1483 1855 e
1505 1822 1609 1858 Peffi-

89 1880 212 1907 nunte
229 1869 385 1905 arceffita
401 1893 411 1909 ,
445 1882 529 1907 cum
550 1870 699 1906 adverlo
719 1870 849 1915 Tiberi
867 1871 1076 1910 veheretur,
1101 1880 1256 1916 repente
1275 1867 1313 1903 in
1336 1869 1412 1905 alto
1428 1868 1542 1915 stetit,
1566 1881 1607 1907 et

90 1930 174 1954 cum
197 1918 336 1954 moveri
360 1917 469 1953 nullis
489 1917 628 1960 viribus
647 1918 774 1966 pollet,
802 1932 845 1954 ex
863 1919 966 1955 libris
954 1919 1201 1966 cognitum
1227 1916 1435 1961 castiffimae
1455 1919 1606 1955 demum

90 1965 254 2004 feminae
271 1979 380 2003 manu
402 1967 541 2010 moveri
567 1967 674 2023 posse
739 1969 835 2004 Tum
857 1967 1033 2009 Claudia,
1059 1967 1162 2015 virgo
1180 1965 1356 2008 Vestam,
1381 1966 1473 2004 falso
1501 1968 1607 2005 ince-

90 2016 164 2053 stus
187 2015 365 2062 ΙιιΓρεξΙι,
391 2017 508 2060 Deam
530 2017 672 2064 oravit,
705 2028 767 2059 ut,
794 2016 817 2052 Ἴ
842 2018 1010 2063 pudicam
1030 2016 1157 2058 sciret,
1182 2016 1424 2062 lequeretur.
1453 2029 1489 2054 et
1509 2030 1607 2065 zona

91 2065 169 2112 imp
173 2064 262 2102 osita
281 2076 411 2101 navem
431 2067 561 2102 movit.
613 2064 855 2102 Simulacrum
875 2067 1005 2102 Matris
1026 2067 1161 2105 Deum,
1191 2066 1277 2101 dum
1305 2067 1487 2113 templum
1507 2066 1606 2113 aedi-

88 2113 247 2154 fleatur.
274 2113 445 2156 Nasicae.
481 2115 544 2171 qui
566 2115 622 2151 vir
642 2115 810 2163 optimus
829 2115 1080 2159 judicabatur,
1116 2113 1212 2160 quali
1234 2113 1367 2159 hospiti
1390 2115 1528 2161 datum.
1580 2157 1582 2159 ,

187 2164 348 2200 Lastant.
374 2164 420 2200 de
445 2165 534 2214 orig
563 2177 676 2201 error.
694 2176 728 2205 2,
749 2176 784 2207 7,
806 2176 860 2200 12.
917 2163 1072 2207 Claudia
1106 2174 1260 2210 quoque
1300 2165 1526 2209 proponitur
1560 2164 1601 2201 in

88 2213 260 2260 exemplo
280 2213 460 2249 miraculi.
517 2215 635 2255 Nam,
671 2225 754 2253 cum
776 2225 818 2250 ex
837 2212 938 2250 libris
956 2214 1044 2260 Sihy
1050 2205 1084 2246 ll.
1106 2215 1210 2257 Idaea
1232 2224 1347 2247 mater
1367 2212 1454 2257 effer
1472 2212 1602 2253 accita,

89 2273 131 2299 et
149 2263 186 2298 in
205 2261 300 2298 vado
322 2260 491 2298 Tiberini
512 2262 677 2299 fluminis
695 2263 798 2300 navis
813 2286 824 2304 ,
862 2274 931 2309 qua
953 2262 1176 2309 vehebatur,
1213 2260 1304 2296 hacli
1307 2260 1395 2303 sset,
1431 2275 1503 2299 nec
1530 2262 1604 2300 ulla

87 2311 128 2347 vi
146 2322 468 2348 commoveretur:
496 2312 709 2353 Claudiam.
734 2310 884 2352 ferunt,
910 2323 1001 2358 quae
1024 2310 1162 2358 semper
1185 2309 1369 2357 impudica
1389 2310 1479 2357 esset
1498 2311 1604 2348 habi-

87 2371 125 2396 ta
148 2360 201 2396 ob'
216 2360 352 2396 nimios
372 2361 540 2407 corporis
559 2360 700 2409 cultus,
734 2360 840 2406 deam
861 2338 1039 2406 ΓιιὺιτιΙΙΙΙε
1061 2361 1216 2408 genibus
1245 2372 1318 2394 ora
1313 2358 1381 2400 Te,
1417 2371 1481 2402 ut,
1517 2361 1541 2396 fi
1566 2360 1603 2397 se

87 2409 217 2446 castam
239 2409 438 2450 iudicaret,
469 2409 573 2451 suum
594 2401 783 2458 cingulum
805 2401 1032 2459 sequeretur.
1061 2391 1136 2445 lta
1158 2409 1295 2448 navim,
1321 2420 1414 2455 quae
1433 2412 1477 2445 ab
1497 2411 1603 2447 omni

87 2458 291 2495 iuventute
310 2470 388 2494 non
410 2459 528 2496 valuit
546 2459 798 2501 commoveri,
831 2461 874 2495 ab
896 2471 970 2505 una
1001 2458 1157 2494 muliere
1175 2455 1245 2501 else
1266 2470 1347 2493 con
1341 2470 1503 2505 motam.

189 2506 238 2544 ΙΙ).
257 2519 292 2548 2,
314 2511 371 2547 16,
393 2520 446 2543 ιι.
467 2521 512 2543 m
528 2508 637 2553 ‚ubi
669 2519 789 2544 totum
816 2508 1037 2544 miraculum
1067 2507 1201 2543 merito
1231 2505 1339 2549 ridet,
1361 2526 1396 2535 -
1425 2510 1512 2545 Inde
1539 2507 1606 2581 eil.

88 2555 192 2606 quod
211 2575 252 2584 —-
269 2555 445 2594 Claudiae
465 2533 614 2600 manum
631 2556 734 2595 navis
754 2555 872 2603 secuta
890 2556 949 2606 est.

189 2605 413 2653 Hieronym.
433 2606 458 2642 1.
477 2619 506 2642 ι.
532 2597 700 2644 adversus
724 2606 844 2650 Iovin.
867 2606 933 2642 fol.
958 2617 1015 2642 22.
1032 2606 1081 2643 Τ.
1095 2615 1127 2652 3.
1153 2603 1213 2640 ed.
1235 2603 1308 2640 Bas.
1332 2611 1434 2649 ¹516.
1459 2619 1525 2654 per
1547 2577 1605 2645 Er.

87 2655 173 2691 Rol.
213 2655 363 2691 Claudia
382 2655 488 2703 virgo
501 2656 651 2692 Vestalis
673 2667 756 2692 cum
778 2657 815 2691 in
834 2654 1082 2701 suspicionem
1101 2653 1255 2690 venisset
1273 2653 1411 2700 stupri,
1443 2668 1481 2692 et
1499 2656 1609 2694 simu—

90 2705 230 2742 lacrum
248 2704 374 2743 matris
397 2704 551 2744 Idaeae
541 2718 582 2745 in
599 2705 693 2751 vado
714 2704 863 2753 Tiberis
884 2705 1075 2748 haereret,
1100 2703 1145 2741 ad
1165 2705 1481 2752 comprobandam
1508 2705 1606 2743 suam
