1772 3158
186 129 288 180 868
387 197 389 201 Ι
603 127 902 175 EXCVRSVS
934 131 1017 174 AD
1054 130 1205 174 LIBR.
1234 130 1269 173 Ι.

183 253 268 279 cum
286 236 375 280 inf..
399 239 556 288 gaudes,
585 248 624 275 te
638 238 808 285 furatum
828 239 902 288 effi»,
928 240 1013 281 rel.,
1041 251 1123 277 tum
1142 239 1234 276 alius
1255 243 1385 286 po‘e‘tae
1401 250 1455 286 ap.
1470 239 1691 277 D’Orv.Ch.

179 304 216 340 p.
233 297 312 333 758.
334 301 382 324 m.
410 295 638 333 xuigwucw—
655 285 785 331 ἐόντες,
817 288 893 324 fine
915 291 998 330 Vs.,
1032 290 1097 325 ubi
1125 288 1359 336 participium
1388 288 1546 324 resolvas
1577 291 1692 336 persi,

181 349 249 378 aut
267 349 332 384 per
350 337 431 373 adv.
448 338 599 373 libenter
616 337 767 373 verbum
788 353 827 382 χ.
841 362 852 379 ,
879 338 982 385 quod
1005 349 1090 374 cum
1108 337 1186 385 syn.
1203 335 1335 381 γέθειν,
1354 348 1423 373 etc.
1447 339 1493 373 de
1511 338 1607 373 astris
1626 338 1693 374 ille
1717 375 1719 377 ,

184 388 238 424 ait
253 386 322 423 effe
341 385 413 434 i.q.
434 386 598 433 pollere,
623 386 698 421 vim
720 386 856 422 habere
876 387 1106 434 praecipuam
1128 399 1168 421 ac
1187 387 1376 428 maiorem,
1404 386 1465 420 sed
1487 398 1566 422 non
1585 385 1694 421 addi-
1720 393 1724 395 “

185 449 225 475 ta
244 434 344 472 causa
357 459 368 477 ,
398 435 499 470 unde
516 435 578 470 illa
600 435 708 470 notio
726 435 873 476 veniat,
905 448 998 482 quae
1016 435 1165 472 videtur
1185 434 1254 471 effe
1274 448 1294 470 e
1307 445 1419 481 tropo
1441 435 1694 483 metonymiae

187 497 228 523 et
248 483 505 523 antecedenti,
542 495 628 519 cum
642 484 797 532 gaudeat
810 509 820 524 ‚
847 483 912 532 qui
933 486 1030 520 bene
1048 483 1084 520 se
1104 485 1216 520 habet
1233 494 1271 519 et
1291 483 1381 519 felix
1398 483 1470 524 est,
1510 484 1534 519 i.
1554 484 1694 520 viribus

187 535 335 582 integer
353 543 391 568 et
408 532 623 573 instruf‘ms,
663 545 756 579 quas
777 533 870 569 adeo
891 533 1056 570 exserere
1075 533 1194 580 potest
1213 544 1323 580 atque
1343 532 1545 574 declarare;
1577 544 1696 579 quan-

188 595 299 632 quam
319 581 430 618 etiam
450 581 537 616 astra
561 592 600 616 et
619 582 789 628 planetae
802 581 974 618 dicentur
994 582 1119 617 laetari
1138 582 1179 617 in
1198 581 1270 617 suis
1290 580 1444 621 sedibus,
1470 583 1516 616 de
1535 580 1698 627 dilcipli·

188 646 238 672 na
257 641 425 666 veterum
446 629 712 677 superstitiosa,
738 643 823 667 cum
842 629 1001 666 libenter
1022 630 1070 666 ibi
1092 630 1199 672 sunt,
1225 641 1296 678 qua
1318 629 1364 665 de
1380 628 1538 665 notione
1556 629 1657 665 verbi
1675 641 1697 665 e

190 680 376 731 prioribus
399 689 524 725 patet,
558 678 650 715 ficut
669 690 823 727 utraque
842 680 940 715 valet
958 680 997 715 in
1015 678 1071 714 his
1091 692 1148 725 ap.
1168 680 1216 715 G.
1236 679 1313 714 Th.
1330 686 1414 723 788,
1438 690 1494 723 54.
1521 678 1698 725 „myrrha

217 729 329 765 audet
348 726 495 776 rastris,
521 727 546 762 i.
567 727 700 763 melius
720 728 893 775 provenit
906 727 1164 764 circumfoss‘ass‘
1189 739 1225 763 at
1237 727 1312 763 fine
1325 725 1458 773 explic.
1477 739 1532 771 19,
1548 737 1598 774 13.
1615 726 1693 774 sqq.

188 742 378 818 frumenta
407 775 529 811 omnia
558 777 710 813 maxime
736 778 920 813 laetantur
945 778 1088 825 patenti
1107 787 1246 828 campo,
1265 794 1304 804 »—
1327 775 1515 812 laetantur
1541 777 1698 824 beneficio

188 825 357 865 incendii
377 826 452 861 loca
474 824 619 865 sterilia,
638 845 676 852 —
693 827 853 862 laetatur
872 825 958 863 vitis
977 835 1112 872 tepore;
1147 836 1326 873 patetque
1349 837 1406 860 tes
1428 824 1540 861 etiam
1566 837 1611 860 ex
1631 824 1695 861 illa

187 875 411 914 salutatione
430 880 559 919 χαίρειν
578 886 616 910 et
637 879 741 920 χοῖρε
754 899 763 914 .
792 874 850 911 cui
873 874 1073 921 respondet
1092 875 1171 911 Lat.
1193 876 1329 913 valere,

289 926 338 961 ΙΙ)
363 936 421 970 ap.
442 922 646 969 prosaicos,
673 926 782 959 Dem.
809 935 911 968 ¹0¹4»
931 937 984 968 14.
1005 923 1080 959 fine
1099 925 1178 960 Ind.
1200 930 1328 961 τουτονὶ
1347 920 1505 964 Βοιωτῶν,
1518 917 1554 965 ,ἦ
1573 927 1699 960 Μαντί-

190 977 269 1014 θεον
282 998 294 1014 ,
321 969 340 1015 i?
362 969 414 1009 ἔτι
433 971 510 1009 ποτ’
529 968 613 1009 ἄλλο
631 979 744 1019 χαίρει
763 980 1116 1018 προσαγορευόμενος,
1154 983 1196 1009 ut
1215 972 1316 1019 supra
1336 983 1389 1017 ap.
1413 973 1536 1019 Hoog.
1556 985 1576 1007 e
1597 973 1700 1012 mat..

189 1023 367 1074 quidquid
382 1022 531 1056 tandem
551 1022 655 1056 aliud
667 1021 690 1056 s.
713 1033 908 1069 quocunque
929 1023 1079 1057 tandem
1097 1023 1193 1057 modo
1212 1022 1281 1056 alio
1294 1020 1375 1055 vult
1394 1020 1581 1067 appellari,
1605 1024 1699 1066 (was

190 1073 220 1110 s.
241 1072 310 1109 wie
331 1083 370 1108 er
388 1081 458 1105 nur
481 1068 611 1106 immet
630 1072 760 1106 ander>-
779 1070 804 1105 s.
820 1070 914 1120 forst
933 1071 1006 1106 will
1027 1073 1194 1107 benennet
1206 1070 1318 1118 seym)
1338 1069 1544 1105 Aesch.0r.
1566 1069 1626 1104 Rs.
1651 1071 1698 1104 V.

193 1132 228 1169 3,
255 1134 288 1168 p.
303 1125 384 1164 627.
397 1132 428 1154 e.
457 1115 579 1166 ἔχαιρε
607 1116 886 1165 κολακευόμενος,
926 1131 969 1156 ut
1000 1120 1103 1166 supra
1134 1132 1191 1166 ap.
1214 1118 1399 1164 Aristoph.
1429 1119 1497 1165 Eq.
1522 1129 1555 1156 v.
1580 1114 1698 1164 11‘i3.‚

190 1169 323 1208 nullibi
344 1181 408 1216 per
426 1168 506 1204 lnd.
529 1169 775 1208 conversum,
803 1168 864 1203 scd
885 1170 955 1205 aZ.
977 1168 1021 1204 ad
1042 1169 1126 1216 vig.
1147 1178 1270 1216 p.3r4.
1291 1180 1379 1202 a.m.
1395 1167 1542 1214 gavi-‘stes
1555 1166 1603 1202 est
1613 1170 1702 1202 aclu-

192 1220 347 1260 lati0m’,
378 1228 416 1253 et
432 1217 560 1253 Aesch·
582 1219 682 1253 Socr-
704 1230 737 1257 2,
752 1228 808 1264 33·
827 1230 857 1253 e.
881 1231 915 1264 ρ.
936 1226 993 1257 28.
1014 1231 1045 1255 e.
1078 1226 1132 1263 μοὶ
1152 1221 1255 1258 δοκεῖς
1276 1215 1368 1253 ct)—
1391 1214 1493 1257 οὕτως
1513 1217 1591 1260 ἐμοῦ
1611 1223 1701 1260 χαί·-

191 1284 257 1317 ςειν
272 1263 487 1313 ἀκροώμενος,
499 1264 610 1312 ὥσπερ
629 1275 692 1304 τῶν
703 1265 872 1314 ῥαψῳδῶν,
886 1279 997 1313 quem
1014 1268 1153 1307 locum,
1164 1279 1239 1301 non
1252 1266 1439 1301 redditum
1453 1267 1496 1300 ab
1508 1267 1600 1306 lnd.,
1618 1277 1700 1301 ver-

187 1317 311 1358 terim,
328 1316 559 1351 mihivideris
573 1316 670 1361 tufic
681 1319 836 1362 gaudere
846 1329 898 1351 me
910 1315 1051 1356 audito,
1074 1326 1112 1351 ut
1124 1314 1313 1362 rhapsodis
1324 1315 1472 1354 auditic,
1492 1314 1516 1350 s.
1532 1313 1576 1350 {ic
1587 1326 1644 1351 me
1656 1315 1700 1350 li-

188 1369 320 1405 benter
330 1363 469 1405 audire,
483 1364 746 1411 umhapsodm,
761 1377 882 1410 propr.
898 1363 935 1399 in
949 1365 1044 1399 med.
1061 1377 1126 1411 pro
1137 1364 1202 1400 acl.
1214 1364 1430 1404 meaudiens,
1443 1361 1573 1403 [lime
1584 1364 1699 1400 audis.

287 1416 350 1460 lu)
377 1426 436 1461 ap.
456 1412 545 1449 Hes.
567 1426 602 1453 2,
628 1418 727 1458 1536.
751 1413 776 1448 i.
805 1420 956 1458 χαιρέτω
974 1421 1091 1458 ληρῶν,
1119 1417 1320 1458 ἐρυθριάτω,
1346 1411 1419 1447 line
1436 1414 1507 1452 N..
1529 1412 1699 1459 quodin·

191 1474 400 1511 terpretor,
433 1463 554 1498 valeat
576 1462 597 1496 s.
619 1463 724 1497 abeat
739 1474 815 1497 cum
843 1463 950 1509 nugis
965 1462 1063 1510 suis,
1097 1462 1123 1498 s.
1143 1464 1266 1497 valent
1284 1470 1450 1507 nugator,
1474 1461 1579 1497 abeat
1595 1462 1698 1503 hinc,

190 1525 272 1552 non
291 1511 335 1548 iit
353 1511 523 1547 molestus
545 1511 658 1550 mihi,
683 1510 822 1547 definat
840 1510 967 1557 nugari
981 1537 990 1550 ‚
1022 1511 1114 1546 nolo
1137 1510 1265 1546 audire
1283 1520 1501 1557 nugatorem
1524 1521 1561 1545 et
1581 1521 1699 1551 nugas

193 1564 298 1602 eim,
325 1571 385 1601 et,
422 1559 505 1606 quia
523 1559 694 1606 loquitur
716 1571 831 1594 meras
852 1570 966 1606 nugas
980 1584 988 1598 ‚
1026 1571 1083 1593 res
1103 1559 1251 1599 inanes,
1290 1557 1415 1599 falsas,
1451 1550 1698 1606 e⁷·ub·c2scat⁸iis

190 1609 323 1658 nugis,
352 1608 560 1654 pudeatque
578 1620 665 1644 eum
683 1608 850 1647 illarum;
884 1605 948 1643 ubi
976 1607 1067 1643 adeo
1089 1618 1168 1644 tum
1187 1608 1338 1642 verbum
1365 1620 1405 1650 χ.
1425 1618 1508 1642 cum
1530 1607 1699 1654 particip.

192 1663 304 1698 habet
325 1658 460 1697 alium,
489 1669 600 1703 quam
620 1657 660 1692 in
677 1656 953 1703 superioribus,
981 1656 1145 1698 sensum,
1181 1668 1255 1704 quo
1276 1655 1319 1690 de
1338 1656 1488 1691 aliunde
1504 1655 1588 1691 satis
1608 1657 1701 1692 con-

192 1710 276 1750 stat,
300 1718 380 1743 turn
404 1706 638 1752 participium
651 1706 850 1741 extulimus
865 1705 975 1752 paulo
993 1705 1112 1748 aliter,
1140 1717 1249 1753 quam
1269 1705 1387 1751 supra,
1416 1704 1568 1740 fortaffis
1587 1717 1626 1740 et
1643 1718 1702 1742 re·

191 1756 415 1796 solvendum
435 1768 499 1802 per
516 1755 712 1802 copulam,
738 1755 844 1790 abeat
863 1766 900 1790 et
922 1765 1097 1802 nugetur,
1124 1765 1306 1802 quantum
1326 1752 1428 1796 velit,
1453 1764 1495 1790 ut
1505 1766 1575 1790 nos
1588 1754 1701 1791 habe·

191 1820 294 1846 mus,
315 1806 385 1853 geh
401 1804 478 1841 und
500 1805 594 1846 recle,
620 1816 695 1839 was
713 1805 759 1839 du
778 1803 897 1852 willst.
1044 1842 1048 1845 ,

290 1856 359 1900 IV)
388 1866 443 1899 ap.
462 1853 636 1890 Nostrum
655 1865 745 1889 vero
764 1853 830 1889 tria
850 1852 1013 1900 exempla
1026 1876 1037 1893 ,
1061 1851 1122 1889 sed
1143 1849 1270 1889 diverfi
1290 1850 1455 1901 generis.
1492 1853 1526 1896 a)
1545 1850 1607 1887 ubi
1620 1850 1700 1889 slm-

192 1909 276 1956 plex
293 1901 509 1941 enunciatio
524 1925 534 1943 ,
555 1916 590 1946 4,
616 1913 671 1942 ιι,
694 1912 725 1946 ς.
749 1907 908 1948 χαίρουσι
923 1900 1081 1945 τοιαύτην
1099 1907 1174 1938 τινὰ
1195 1898 1334 1947 ὄρχησιν
1353 1897 1540 1945 κινούμενοι,
1564 1899 1700 1950 ubissg.

180 1969 217 1995 ,ε
237 1957 275 1992 Ρ.
293 1954 515 1990 ιΙεΙεὲἶιιηιιιν
544 1951 728 1987 eiusmodi
742 1950 1016 1999 saltationibus,
1054 1951 1223 1997 oppresso
1245 1963 1323 1987 tum
1353 1963 1461 1997 pron.
1482 1954 1578 1990 τινὰ,
1618 1961 1702 1987 tum

192 2001 393 2054 participio
412 2017 491 2041 κιν.,
522 1999 644 2042 forte,
680 2001 780 2047 quod
801 2013 880 2036 non
901 2001 1040 2037 habent
1062 1999 1186 2036 Latini
1215 1998 1357 2046 phrafin
1377 1998 1530 2035 limilem
1557 1998 1610 2036 illi
1633 2000 1700 2036 Gr.

194 2054 355 2094 χηεῑσθοᾳ
376 2049 534 2097 &exues-u,
572 2062 727 2086 movere
738 2048 987 2096 fhltationem‚
1013 2061 1075 2086 au:
1092 2050 1230 2085 moveri
1238 2075 1248 2086 ,
1276 2061 1428 2085 movere
1448 2048 1483 2084 se
1502 2050 1620 2095 quoad
1634 2049 1702 2084 sal-

194 2114 299 2144 tum,
317 2098 534 2149 saltatione,
570 2098 632 2134 sed
654 2097 781 2146 potius
800 2099 944 2134 choreas
962 2100 1107 2139 ducere,
1144 2098 1186 2135 it.
1203 2098 1348 2134 choreas
1366 2109 1551 2138 exercere,
1584 2097 1630 2134 cf.
1650 2098 1699 2133 G.

192 2151 268 2187 Th.
281 2175 292 2192 ,
324 2161 391 2197 pro
412 2147 549 2196 quibus
567 2160 646 2184 non
664 2158 790 2184 verear
809 2146 931 2184 dicere
946 2148 1103 2183 choream
1120 2148 1232 2188 ciere,
1262 2159 1328 2195 pro
1354 2145 1584 2183 saltationem
1601 2145 1700 2182 insti-

194 2211 303 2237 tuere
315 2223 325 2239 ,
352 2196 549 2233 {bitatione
567 2197 643 2238 uti;
673 2197 775 2233 unde
792 2195 826 2231 h.
840 2197 864 2232 l.
884 2196 1015 2239 fuerit,
1036 2197 1188 2234 libenter
1207 2197 1318 2232 talem
1333 2196 1508 2244 quandam
1527 2195 1702 2232 choream

194 2252 290 2286 cient
306 2247 331 2283 s.
351 2248 503 2286 ducunt,
541 2245 583 2281 it.
594 2246 709 2294 solent
735 2245 845 2282 talem
865 2247 1021 2294 aliquam
1041 2243 1212 2282 choream
1234 2247 1381 2285 a'tsccre,
1465 2244 1506 2287 b)
1525 2246 1599 2280 duo
1618 2243 1704 2280 reli-

195 2310 291 2346 qua,
326 2294 456 2331 fimilia
482 2293 545 2330 fibi
576 2296 618 2330 in
645 2297 738 2334 hoc,
770 2296 874 2342 quod
901 2294 1040 2331 habent
1067 2294 1368 2331 enunciationem
1398 2292 1636 2340 compositam
1659 2305 1704 2331 ex

193 2349 371 2392 μᾶλλον-
390 2339 412 2386 ἢ
430 2356 469 2380 et
489 2343 627 2391 duplici
646 2343 846 2385 attributo,
872 2355 1032 2391 quorum
1053 2344 1217 2380 locorum
1241 2342 1377 2390 primus
1397 2343 1465 2384 est,
1498 2342 1605 2390 super
1625 2343 1710 2390 quo*

193 2396 255 2431 hic
273 2394 484 2436 scribimus,
518 2404 538 2428 a
557 2394 655 2430 Latt.
676 2404 716 2428 et
732 2393 849 2428 Vern.
870 2393 1098 2430 unanimiter
1119 2392 1316 2429 conversus
1330 2416 1340 2433 ‚
1367 2391 1533 2428 libentius
1550 2391 1706 2428 commi-

193 2445 357 2480 litonem
379 2455 451 2482 me,
477 2454 581 2490 quam
598 2440 717 2477 filium
733 2443 906 2483 vocabat,
934 2441 1082 2479 reddito
1101 2454 1136 2477 v.
1155 2457 1194 2487 χ.
1218 2454 1283 2489 per
1304 2442 1382 2477 adv.
1397 2466 1407 2483 ,
1433 2441 1533 2477 unde
1553 2440 1704 2487 partici-

194 2493 300 2540 pium
312 2492 402 2529 abiit
413 2491 452 2527 in
464 2491 616 2527 verbum
628 2489 725 2526 finiti
743 2490 859 2534 modi,
880 2491 938 2527 sed
953 2492 1043 2526 alter
1062 2490 1107 2526 de
1118 2490 1296 2527 Caracalla
1309 2504 1342 2535 4,
1356 2503 1386 2532 1,
1401 2502 1413 2525 1
1426 2501 1454 2525 ι.
1469 2485 1702 2536 συςςατιοῖτκς

195 2542 250 2580 ὑπ’
272 2544 379 2578 αὐτῶν
397 2543 550 2586 aimon,
577 2535 775 2586 ι’ἴβασιλεὸς
796 2535 992 2584 καλούμενος
1009 2546 1141 2585 χαίρειν
1157 2544 1403 2585 προσεποιεῖτο,
1428 2539 1487 2575 ubi
1501 2559 1512 2575 »
1538 2549 1581 2574 ut
1599 2538 1704 2585 supra

196 2603 255 2636 ap.
273 2592 385 2633 Luc„
421 2588 658 2636 participium
677 2589 788 2624 alium
802 2614 812 2628 ,
846 2600 952 2636 quam
975 2589 1014 2624 in
1035 2589 1147 2635 priori
1169 2590 1338 2634 exemplo
1352 2614 1361 2629 ,
1395 2589 1517 2624 locum
1539 2587 1702 2629 obtinet,

192 2640 247 2675 ibi
274 2638 531 2686 postpofitum,
569 2638 630 2687 h-ic
653 2636 903 2685 praemiss‘um,
940 2636 1003 2675 ubi
1025 2640 1062 2674 P.
1089 2637 1324 2685 negligenter
1344 2637 1524 2677 versatur,
1557 2635 1618 2672 sed
1637 2638 1701 2685 Bg.

195 2687 380 2727 severius,
404 2688 446 2733 fi
461 2687 672 2723 communito
689 2688 735 2722 ab
754 2685 837 2733 ipsus
855 2687 993 2734 potins,
1024 2698 1132 2734 quam
1153 2688 1349 2735 imperator
1367 2696 1580 2726 vocaretur,
1605 2685 1702 2721 dele-

196 2737 293 2793 {gari
308 2737 345 2774 se
354 2737 560 2784 fimulabat,
599 2735 741 2774 servato
760 2737 873 2774 verbo
891 2751 929 2781 χ.
950 2747 1014 2784 per
1035 2735 1113 2785 syn.
1126 2735 1203 2772 Lat.
1223 2735 1305 2785 pals.
1322 2761 1333 2779 ,
1358 2733 1417 2771 sed
1434 2733 1630 2782 participio
1648 2745 1703 2771 re-
