1798 3163
193 192 220 236 4
730 174 899 221 LIBER
917 175 954 223 Ι,
1001 175 1124 221 CAP.
1145 175 1179 220 Ι.

550 289 592 352 ⁶,
634 290 752 344 ὅπως
774 286 854 354 >μὴ
883 295 925 349 ⁶,
964 296 1030 340 nis
1044 295 1228 355 gloriam
1241 304 1457 341 aeternam
1480 294 1692 352 ambiunt,

191 291 222 345 ὃ
224 315 280 344 ιον
314 293 518 360 μνώμενοι

280 413 319 456 d)
347 425 435 450 μνσμ.
455 413 498 444 Α.
511 422 543 445 2-
565 408 692 441 solenni
711 407 810 440 vitio.
859 410 892 445 e)
911 408 978 439 Ms.
998 407 1108 442 Vem‘aeg
1127 411 1160 439 εῖν
1176 407 1229 440 sed
1241 407 1295 439 Vi.
1310 412 1343 443 ὥς
1361 406 1493 446 ἂνμίῑίῖς
1506 407 1571 439 fine
1581 407 1696 440 distin-

192 460 301 494 aione
319 457 460 501 quadam
483 455 575 487 fimul
594 455 627 485 in
649 464 713 484 utr.
734 454 854 494 Excp.‚
881 462 997 483 verum
1022 453 1075 482 Ba.
1095 456 1131 488 ὣς
1149 457 1203 490 ἂν,
1226 456 1263 490 μζ,
1287 457 1481 488 amararum-24·
1497 457 1570 485 aas.
1583 474 1594 488 .
1618 463 1695 484 cum

192 514 295 546 pravo
313 509 477 535 commate
500 499 570 539 90st
588 503 642 534 ἓν·
671 507 709 529 ut
728 498 810 528 insta
830 496 965 532 iterum,
991 495 1046 528 sed
1065 496 1099 528 in
1120 499 1193 532 edd.
1215 497 1286 540 post
1297 510 1384 530 σιωπ.
1404 507 1534 529 comma
1553 505 1697 534 tanturn,

192 560 226 582 v.
246 559 276 581 c.
296 551 362 582 A..
386 556 426 578 ut
443 545 516 588 post
533 547 573 583 pt,
593 543 693 574 stmul‘
707 543 777 583 Stp.
798 549 831 572 et
848 541 915 577 aL,
937 551 976 572 ν..
991 541 1034 576 Ν,

240 641 410 684 παιδείας)
437 639 567 674 Tenet
584 638 662 682 Stp.
679 635 754 688 Th.
775 634 815 669 in
834 646 868 669 v.
889 650 942 678 μν.
957 633 1027 670 sola
1038 634 1159 671 Nostri
1183 635 1262 671 loca
1275 635 1354 677 alia,
1381 637 1518 683 quibus
1531 634 1697 682 aliquem

192 706 215 730 e
227 693 325 728 Plut.
339 690 476 725 addens
486 686 578 723 Bud.
601 687 642 720 C.
656 708 667 724 ,
692 684 782 718 hinc
801 684 916 719 vertit
935 684 1097 731 „glor-iae
1116 695 1155 719 et
1168 685 1292 730 famae
1309 685 1532 722 eruditionis
1550 685 1696 734 cupidi“

192 741 319 779 soluto
341 750 465 781 tropo,
492 747 604 782 quem
622 732 779 768 retinuit
796 734 857 779 ssg.
882 731 1064 773 severius,
1087 733 1150 767 ubi
1173 733 1216 768 G.
1240 733 1311 768 Th.
1344 746 1520 780 „cupere,
1545 743 1698 779 expete-

191 795 259 826 re«
284 799 362 823 non
395 797 481 819 vero
513 794 598 818 cum
617 784 682 829 Bg.
711 780 837 823 subst.‚
872 792 914 815 ut
941 779 981 815 in
1001 781 1078 829 syn.
1102 791 1247 816 tantum
1266 783 1622 830 laudem-appetere,
1657 790 1698 816 et

191 847 383 886 praeterea
403 832 577 882 affec‘lare
597 829 740 867 famam
753 829 963 864 eruditionis
979 843 999 864 e
1018 829 1199 876 Qintil.,
1226 841 1302 875 quo
1323 831 1400 866 Pol.
1420 841 1458 866 et
1477 831 1609 868 Noster
1637 841 1697 866 re-

191 883 373 932 spexerit3
403 877 489 917 eum
508 882 572 927 Eg.
588 878 805 915 restituente
826 877 938 914 etiam
950 878 1031 914 Sch.
1051 878 1122 912 adi.
1140 880 1223 923 (per
1236 880 1312 913 Lat.
1338 879 1437 914 aliud
1448 880 1698 927 sempiternus,

193 947 254 980 ap.
269 934 316 968 G.
337 931 410 966 Th.
433 940 560 965 tamen
582 927 694 963 etiam
710 939 795 962 cum
815 928 880 962 Gr.
901 931 955 969 n.)
973 940 991 962 a
1009 928 1050 962 P.
1072 926 1256 966 omiffum,
1281 928 1385 974 quod
1403 939 1442 963 et
1459 929 1519 964 alii
1542 926 1699 974 prosaici

192 983 393 1027 usurpant,
418 978 466 1016 cf.
484 978 566 1014 Ind.
586 977 828 1012 Thuc.Dem·
849 977 944 1011 Xen.
957 976 994 1011 Z.
1010 974 1116 1010 Bach.
1128 986 1165 1012 et
1178 977 1284 1022 Cyn,
1311 975 1565 1014 Fisch.Aesch.
1580 975 1695 1012 Diod.

192 1035 230 1068 S.
252 1042 291 1066 ct
311 1026 402 1075 L'ue.
453 1026 512 1064 Ad
538 1025 785 1066 sententiam,
825 1035 969 1071 praeter
997 1023 1137 1070 loseph.
1169 1024 1213 1058 ad
1240 1024 1271 1071 §.
1294 1024 1348 1069 3.‘‚
1382 1025 1548 1072 pertinet
1567 1023 1697 1060 lustin.

194 1077 312 1127 praef.
334 1078 359 1113 i.
378 1090 478 1125 quum
498 1075 632 1111 multi-
653 1087 712 1109 res
732 1075 907 1109 Romanas
929 1071 1174 1121 inhtstoriam
1195 1073 1456 1109 contulissent:
1470 1075 1554 1118 five
1572 1083 1701 1109 aemu-

190 1128 335 1166 latione
348 1127 492 1175 gloriae
509 1125 595 1166 rel„
619 1134 658 1159 et
678 1123 781 1160 Polb.
800 1123 884 1158 Exc.
901 1122 987 1169 Leg.
1004 1133 1177 1168 prooem.
1201 1121 1247 1156 T.
1262 1135 1293 1157 2.
1314 1135 1350 1169 p.
1366 1134 1445 1166 512.
1466 1123 1512 1164 i.‚
1542 1120 1701 1168 repetita

190 1178 324 1216 illa'T.
345 1185 376 1220 3.
397 1188 432 1222 p.
451 1187 479 1211 ι.
512 1173 553 1209 in
581 1182 800 1221 argumento
830 1171 876 1207 de
904 1170 989 1207 virt.
1014 1181 1054 1205 et
1075 1171 1165 1211 vit.‚
1203 1175 1353 1212 παιδείας
1369 1176 1486 1217 {fara}
1505 1166 1700 1215 γεγονότες,

192 1218 454 1269 σπουδαιότερέυ
471 1238 547 1259 τινα
569 1225 842 1266 συνεγράψαντο,
855 1240 871 1249 ·
889 1222 990 1256 τοῦτο
1013 1222 1048 1256 δὲ
1073 1228 1128 1257 καὶ
1156 1215 1305 1257 εὔκλειαν
1323 1225 1495 1265 ἂείμνηςον
1515 1225 1551 1258 ἐκ
1570 1227 1635 1256 τῶν
1652 1223 1702 1256 ἐν-

193 1272 433 1320 τυγχκνόντων
452 1268 699 1317 xxgvrw'cotaesszq
718 1265 884 1313 μνώμενοι.

196 1345 201 1353 .
244 1322 361 1368 ὅπως)
379 1321 487 1357 Reste
514 1319 750 1367 distinguitur
773 1318 851 1364 post
870 1315 937 1361 μιῗ,
969 1317 1056 1364 quia
1083 1317 1205 1353 fertur
1227 1318 1272 1354 ad
1291 1321 1394 1356 ΜΞ,
1427 1330 1509 1353 non
1532 1316 1576 1352 ad
1600 1331 1700 1354 σιωπ.

191 1374 308 1419 steph.
345 1370 455 1407 Refie
474 1369 544 1405 esse
565 1367 712 1403 videtur
731 1367 771 1402 in
793 1366 900 1406 edd..
929 1368 1022 1401 male
1044 1377 1175 1402 contra
1194 1367 1232 1402 in
1251 1366 1344 1402 cod.
1366 1366 1408 1408 ὥς
1429 1362 1469 1405 ἓν
1482 1378 1515 1402 λ.
1534 1365 1601 1401 nifi
1621 1365 1702 1401 for-

195 1433 235 1458 te
254 1420 458 1468 legendum
479 1417 524 1453 fit
542 1416 586 1458 ὥς
607 1416 664 1454 οὐκ
683 1412 745 1456 ἂν,
768 1425 832 1450 aut
852 1427 953 1451 certe
969 1414 1009 1456 ὦς
1027 1411 1067 1452 ἂν
1087 1415 1133 1459 w?
1146 1441 1156 1457 ,
1183 1414 1281 1452 unde
1301 1414 1408 1450 facile
1429 1414 1548 1450 enasci
1568 1412 1698 1462 potuit

194 1470 304 1508 lestio
323 1478 482 1514 recepta.
503 1466 640 1502 Stroth.
667 1465 760 1501 Cod.
784 1463 898 1499 Vind.
924 1466 965 1506 ὦς
985 1460 1024 1500 ἒν
1045 1465 1090 1508 μῆ
1113 1477 1144 1501 λ.
1194 1464 1255 1500 Sic
1266 1464 1379 1501 etiam
1398 1463 1595 1513 legendum
1607 1473 1699 1500 con·

195 1519 354 1556 ieceram
376 1517 416 1552 in
434 1516 594 1563 Specim.
615 1515 640 1549 1.
674 1513 798 1550 Anim.
819 1513 859 1548 in
876 1513 1033 1549 Herodi.
1069 1516 1174 1550 Idem.

296 1567 416 1604 Prima
437 1577 494 1601 res
511 1565 558 1600 de
568 1563 802 1600 distinetione
818 1562 864 1598 fic
883 1562 1002 1604 habet,
1029 1574 1073 1598 ut
1086 1561 1356 1610 perspicuitatis
1376 1562 1478 1599 causa
1490 1561 1586 1600 stent
1596 1574 1700 1599 com·

195 1627 294 1655 mata
312 1616 392 1663 post
408 1630 445 1658 μ.
464 1624 504 1649 et
523 1629 645 1653 erman,
673 1624 766 1658 quae
785 1611 989 1648 omiserunt
1011 1612 1172 1648 editores
1187 1611 1350 1658 quidam,
1380 1612 1553 1647 nolentes
1573 1611 1699 1647 solita-

194 1668 294 1703 rium
316 1663 485 1710 particip.
505 1661 553 1697 fic
573 1661 768 1703 dirimere,
797 1661 899 1708 quod
919 1673 1042 1696 tamen
1066 1661 1186 1696 rursus
1205 1659 1266 1695 alii
1287 1659 1423 1700 fecere,
1452 1661 1540 1707 quia
1563 1657 1699 1696 resolvi

193 1714 364 1764 particip.
395 1724 460 1758 per
486 1711 703 1757 particulam
731 1710 867 1756 posset,
903 1722 946 1746 ut
971 1722 1054 1745 cum
1073 1711 1153 1756 Stp.
1182 1710 1227 1744 ad
1249 1722 1294 1744 m.
1315 1709 1354 1744 P.
1374 1707 1467 1743 fecit
1486 1710 1567 1754 Bg.;
1594 1708 1699 1744 unde

196 1761 321 1800 existit
342 1760 558 1797 enunciatio
579 1760 758 1807 quaedam
779 1758 987 1807 fingularis,
1011 1771 1120 1804 quam
1141 1759 1250 1806 vulgo
1269 1768 1452 1793 commate
1470 1756 1700 1805 seiungimus

195 1815 242 1849 ab
265 1822 428 1860 utroque
448 1809 572 1844 latere.
620 1807 691 1843 Sed
712 1807 824 1843 altera
844 1820 902 1843 res
923 1809 1016 1843 Cod.
1041 1808 1113 1843 Ve.
1135 1808 1185 1844 est
1204 1821 1224 1843 e
1246 1807 1426 1842 brevitate
1450 1805 1700 1851 excrementis,

197 1860 263 1908 qui
283 1860 324 1901 οἷς
346 1861 383 1896 obv
405 1856 535 1894 retulit
555 1857 596 1893 ad
617 1869 735 1893 unum
757 1854 867 1897 ὅπως,
895 1856 1024 1892 omisso
1047 1856 1093 1900 μῆ
1108 1881 1118 1897 ,
1147 1856 1248 1901 quod
1268 1854 1423 1891 Martini
1442 1854 1595 1900 quidem
1613 1853 1701 1889 dili-
1758 1874 1761 1902 3

197 1908 323 1959 gentia
345 1908 505 1948 dudum,
531 1905 592 1942 scd
612 1918 711 1940 nunc
731 1906 842 1941 etiam
863 1905 1031 1941 Locenae
1051 1905 1153 1940 fimu!
1168 1904 1348 1950 praebuit.
1399 1905 1485 1944 lam,
1511 1915 1595 1939 cum
1610 1899 1699 1944 ἔπαυς’
1758 1927 1760 1938 s

197 1960 244 2002 μὴ
266 1958 394 1993 eadem
416 1954 487 1991 fint
508 1957 552 1991 ad
570 1954 711 1990 sensum
726 1979 736 1995 ,
776 1955 989 1999 pertinente
1016 1949 1053 1990 ἓν
1084 1953 1194 1989 modo
1222 1955 1265 1989 ad
1288 1954 1441 1989 verbum
1465 1950 1698 1987 adiunstum:

195 2007 410 2055 quaeritur,
437 2016 519 2039 ntra
540 2003 647 2039 lestio
671 2016 713 2037 ex
736 2003 845 2037 altera
865 2015 947 2039 nata
971 2001 1013 2039 sit
1031 2013 1069 2037 et
1085 2014 1210 2050 quare.
1265 2001 1349 2038 Hes.
1376 2001 1530 2048 quidem
1549 2001 1640 2036 haec
1661 2012 1700 2041 2,

197 2065 304 2099 1598.
326 2054 346 2089 i.
368 2052 410 2095 ὥς
430 2068 482 2088 κεν
496 2078 507 2093 .,
534 2050 619 2093 ὅπως
641 2046 702 2092 ἂν,
731 2062 768 2086 et
789 2064 873 2086 mox
892 2048 932 2093 ὥς
950 2067 1004 2089 κεν
1020 2060 1070 2093 τὶς
1086 2077 1097 2092 ,
1126 2049 1214 2092 ὅπως
1231 2047 1270 2088 ἐέν
1291 2066 1343 2092 τις
1357 2076 1367 2092 ,
1385 2050 1580 2085 videantur
1598 2049 1702 2085 fave-

196 2118 237 2140 re
257 2105 433 2144 Sti-otho,
462 2100 525 2147 qui
549 2115 568 2136 e
586 2103 675 2136 Mss.
696 2102 736 2142 ὦς
757 2098 796 2137 ,ἓν
813 2102 858 2143 us?
878 2110 985 2146 putat
1003 2100 1091 2135 oriri
1118 2099 1274 2147 potuisse
1290 2098 1343 2135 ὄπ.
1360 2115 1394 2143 μ.
1408 2097 1505 2144 vuig.
1559 2099 1613 2133 Ae
1632 2108 1700 2144 per

195 2153 400 2189 litterarum
422 2150 635 2186 affinitatem
658 2149 766 2197 poffis
783 2149 940 2185 statuere
957 2148 997 2184 in
1021 2162 1162 2196 partem
1184 2160 1278 2184 utr.:
1316 2158 1353 2183 at
1383 2147 1559 2196 equidem
1579 2145 1700 2182 existi·

198 2214 281 2241 mo,
312 2200 556 2236 Gtoffatorem
577 2198 759 2235 offensum
782 2197 850 2234 effe
872 2197 1033 2234 leetione
1053 2199 1173 2245 vulg,
1207 2196 1310 2244 quod
1333 2195 1388 2234 ὄπ.
1414 2194 1474 2231 hic
1501 2196 1607 2231 staret
1633 2205 1700 2232 aut

197 2250 274 2286 fine
294 2244 343 2289 22⁹,
367 2259 429 2284 aut
448 2261 536 2297 cum*
550 2260 686 2295 optat.,
710 2247 747 2282 id
768 2259 841 2296 que
854 2260 929 2283 aor.
980 2248 1025 2282 Et
1045 2246 1101 2284 ὄπ.
1119 2246 1165 2289 aas?
1183 2258 1265 2283 cum
1278 2256 1356 2291 opt.
1376 2257 1456 2281 non
1469 2256 1604 2281 tenent
1614 2243 1700 2292 qui-

198 2300 283 2335 dem
304 2300 425 2344 Hoog.
452 2298 487 2331 in
510 2299 584 2343 Op.
605 2306 734 2345 p.853.
754 2309 784 2332 e.
806 2296 885 2344 sqq.
908 2306 946 2332 et
965 2297 1009 2332 Z.
1038 2296 1082 2330 ad
1105 2295 1187 2344 Vig.
1211 2308 1246 2341 p.
1266 2305 1347 2340 423.
1372 2296 1406 2330 b.
1418 2306 1446 2329 c.
1472 2296 1606 2337 Nr.9.‚
1633 2291 1698 2331 sed

198 2360 324 2385 tamen
348 2346 433 2384 Eud,
457 2347 495 2381 C.
523 2357 625 2392 1339,
650 2357 703 2389 ις.
719 2345 793 2392 sqq.
818 2356 856 2381 et
874 2345 1085 2391 Srp.Th.3.
1109 2349 1190 2387 656.
1212 2352 1248 2381 Ε.
1285 2345 1342 2380 De
1360 2343 1416 2380 ὄπ.
1438 2356 1526 2380 vero
1548 2342 1624 2378 fine
1650 2341 1699 2387 μὴ

199 2409 282 2433 cum
303 2406 382 2440 opt.
402 2407 435 2432 ν.
457 2396 584 2442 Hoog.
604 2407 633 2430 1.
660 2408 690 2430 ι.
714 2407 747 2439 p.
762 2398 844 2439 836.
864 2408 913 2429 tn.
937 2395 1051 2438 Nr.7.
1070 2406 1109 2430 et
1127 2394 1168 2430 Z.
1199 2394 1221 2428 Ι.
1247 2405 1277 2428 1.
1301 2406 1429 2439 p.422.
1449 2395 1485 2428 b.
1500 2405 1548 2430 m.
1568 2393 1697 2436 Nnc),

201 2445 266 2492 qui
289 2456 446 2490 Uterque
467 2456 513 2478 nc
531 2442 635 2479 affert
654 2443 803 2490 quidem
819 2443 907 2480 illud
920 2445 1010 2480 Mss.
1032 2443 1072 2480 ὦν
1090 2439 1130 2479 [ἓν
1148 2441 1207 2487 μὴ,
1233 2442 1335 2489 quod
1356 2454 1478 2478 tamen
1499 2453 1583 2478 cum
1601 2452 1700 2475 con-

201 2493 369 2530 iunftivo
395 2492 502 2528 babet
536 2492 623 2526 Bud.
646 2493 669 2528 1.
692 2494 716 2528 l.
745 2496 858 2540 1336,
892 2502 946 2532 28.
961 2492 1039 2539 sqq.
1069 2505 1108 2528 et
1129 2492 1216 2526 hinc
1233 2493 1311 2537 δερ.
1334 2493 1406 2527 Th.
1433 2505 1467 2536 4,
1489 2500 1570 2536 803.
1589 2490 1637 2525 G.
1662 2502 1699 2525 e.

200 2543 237 2580 Si
258 2554 345 2577 vero
368 2541 549 2577 Gzoss'aror
570 2541 604 2575 in
625 2553 750 2578 mente
766 2542 894 2578 habuit
916 2541 1001 2584 ἶπως
1015 2554 1097 2577 cum
1117 2540 1185 2576 fut.
1203 2566 1212 2580 .
1237 2539 1332 2588 quast
1352 2551 1536 2587 praeterea
1550 2538 1699 2575 nullum

202 2590 237 2627 ei
258 2591 453 2626 adderetur
474 2589 571 2624 aliud
593 2602 758 2636 tempus:
792 2591 908 2638 lapsus
929 2591 1000 2631 est,
1031 2602 1060 2626 v.
1084 2591 1166 2638 Vig.
1197 2602 1229 2635 p.
1252 2602 1358 2634 μμ,
1393 2600 1437 2625 ut
1463 2588 1516 2626 ὄπ.
1538 2588 1583 2632 μὴ
1611 2599 1698 2623 cum

203 2646 299 2680 aor'.‚
323 2638 478 2673 maxime
498 2638 670 2679 secundo,
698 2640 914 2676 sustentavit
932 2642 1076 2676 Dawes.
1106 2641 1155 2674 M.
1170 2639 1261 2675 Crit.
1288 2647 1418 2686 μακε.
1437 2651 1484 2674 m.
1510 2644 1514 2648 ‘
1538 2639 1699 2673 Forteet

204 2689 327 2724 minus
361 2686 575 2735 ambiguum
604 2687 642 2729 ὥς
673 2687 786 2724 visum
820 2689 1040 2730 Gloffatori,
1083 2700 1190 2737 quam
1218 2687 1295 2728 ὄπι,
1330 2688 1434 2736 quod
1456 2698 1540 2722 cum
1567 2685 1614 2731 μιὶ
1633 2695 1700 2733 ρετ

203 2749 322 2773 unum
344 2750 407 2777 ne,
432 2748 508 2772 non
530 2736 676 2782 duplex
686 2737 765 2773 Lat.
781 2748 819 2772 ut
839 2751 880 2773 ne
897 2737 920 2772 s.
940 2748 979 2775 ut
999 2750 1086 2779 non,
1114 2740 1177 2785 fig.
1201 2737 1323 2774 reddit
1341 2750 1361 2772 e
1385 2737 1462 2784 Stp.
1481 2748 1528 2771 m.
1543 2748 1604 2782 p.,
1629 2746 1700 2782 pto

205 2787 250 2828 μή
276 2784 450 2834 fimplici,
485 2785 687 2822 secundum
713 2787 921 2824 libertatem
951 2788 1206 2836 quorundam,
1245 2797 1288 2825 ut
1315 2787 1403 2824 Bud.
1432 2797 1471 2823 ct
1496 2786 1581 2833 Stp.-
1597 2784 1625 2821 Ι.
1653 2795 1699 2824 ε..
