1772 3158
187 148 303 210 754*
596 149 894 195 Excmsvs
925 149 1015 194 AD
1039 148 1186 196 ΗΒΚ.
1220 151 1258 197 1.
1294 138 1298 139 ’

196 265 244 301 C.
269 260 339 303 „ita
358 268 581 298 contentum
600 259 656 296 dr.
674 278 715 287 —
735 270 804 308 ego
821 259 860 295 in
878 269 987 308 grege
1003 267 1248 296 annumerer“
1271 259 1314 296 it.
1331 261 1517 298 multitudo
1530 286 1541 302 ,
1565 261 1624 308 (ut
1633 276 1702 301 noa
1759 264 1763 278 ¹

197 314 309 350 strum
327 311 383 346 die
402 311 548 356 Menge)
569 322 603 344 v.
624 310 674 345 G.
694 309 768 344 Th.
792 317 875 354 354,
897 313 954 348 86.
973 308 1024 355 sq.
1045 320 1084 344 et
1101 309 1180 344 lnd.
1198 311 1312 345 Corn.
1329 311 1378 346 N.
1395 323 1477 347 cum
1497 311 1577 347 Liv.
1596 314 1701 354 Ern.,¹

196 362 241 400 it.
261 361 367 398 turba
386 371 444 406 ap.
464 360 556 395 Hor.
572 359 648 394 Sat·
672 369 704 399 1,
729 369 784 397 ιο,
809 366 867 403 73.
885 367 924 392 et
945 355 1076 403 Qint.
1101 369 1134 397 1,
1155 372 1189 399 2,
1213 370 1266 402 ις.
1287 370 1321 394 e.
1346 359 1402 395 ita
1419 371 1608 407 nunquam
1626 356 1699 401 eri-²

198 423 274 448 mus
295 409 335 446 in
354 408 481 448 turba,
505 407 545 443 in
563 418 674 454 quem
696 407 819 442 locum
831 406 880 441 G.
894 406 969 442 Th.
983 414 1065 448 892,
1087 417 1142 449 ις,
1168 405 1266 454 „sum
1282 406 1321 442 in
1341 417 1392 449 t.,
1415 407 1439 443 i.
1453 419 1548 445 unus
1569 421 1590 444 e
1606 410 1701 445 mul-

197 459 272 501 tis,
305 458 418 493 homo
438 456 625 503 vulgaris<‘
649 454 824 501 quorsum
843 453 945 490 forte
966 463 1006 489 et
1024 455 1217 500 pertinent
1232 456 1326 503 plebs
1343 466 1382 492 et
1396 455 1568 504 populius,>v
1583 469 1700 506 quan·

200 520 310 556 quam
333 507 371 542 in
389 505 444 540 his
466 515 615 540 tacente
634 504 680 539 G.
701 504 771 539 Th.
785 529 796 547 ‚
825 510 917 550 quae
936 502 1060 539 omnia
1078 503 1270 540 imitantur
1290 504 1504 541 nostratium
1522 507 1585 541 der
1597 507 1699 541 Hau-

197 558 286 598 fen,
316 557 380 590 der
399 554 533 596 Po'bel,
567 554 632 588 das
661 549 767 595 Votk,
801 553 852 589 cf.
872 550 960 588 Hes.
978 564 1014 594 2,
1032 563 1111 600 749.
1133 553 1159 588 i.
1188 565 1269 599 75¹·
1289 552 1314 588 i.
1329 577 1341 595 ‚
1375 566 1454 590 non
1478 555 1568 590 coll.
1593 555 1698 591 Suid.

196 618 236 650 2,
254 609 337 650 690.
359 615 409 639 m.

851 662 884 694 1,
906 662 937 693 1,
960 663 989 686 r.
1009 663 1044 686 e.
1769 682 1772 685 .

522 718 562 727 —
587 696 842 744 ἓτεμελιῖθησκν
863 695 1020 746 φξάσεῶς
1036 714 1077 735 τε
1103 698 1158 742 καὶ
1180 702 1350 745 εὐφωνίας.
1444 718 1448 720 ’
1766 692 1772 751 ¹

298 749 376 798 Qui
394 748 552 786 scribere
563 748 702 795 aliquid
714 759 777 784 aut
788 748 911 785 dicere
922 748 1132 788 instituunt,
1158 753 1221 784 aut
1231 748 1340 784 etiam
1353 747 1554 785 diiudicare
1565 747 1697 797 scripta

198 800 355 840 aliorum
373 811 415 834 ac
436 798 550 839 dina,
584 796 610 834 ii
630 797 808 843 respicere
824 796 963 834 debent
982 804 1094 845 'atque
1113 809 1261 838 curare,
1295 810 1316 832 e
1336 796 1526 845 disciplina
1544 798 1697 844 quidem
1762 775 1772 814 ι

198 861 368 894 veterum
389 847 602 887 rhetorum,
629 846 689 881 vel
708 845 784 881 duo
806 855 972 888 tantum,
996 845 1218 882 sententiam
1237 857 1275 880 et
1294 846 1415 886 verba,
1440 846 1498 881 vel
1517 849 1597 888 tria,
1622 860 1697 888 τες,

197 897 452 938 elocutionem
469 906 583 942 atque
599 893 931 942 compositionem,
967 895 1028 931 vel
1046 894 1209 942 denique
1229 895 1332 939 plura
1345 912 1370 936 ,⁷
1392 893 1439 929 cf.
1461 895 1640 943 Hermog-
1659 911 1698 932 ura

198 952 241 988 ἰδ.
266 947 325 985 ed.
346 948 479 982 Sturm.
507 956 540 989 p.
556 954 611 979 ιο.
629 956 663 979 e.
691 955 746 988 14.
767 956 815 979 m.
843 947 896 980 16.
910 943 936 982 i.
970 943 1207 979 Herodianus
1230 942 1363 990 igitur,
1404 955 1487 978 cum
1514 944 1700 990 quosdam

194 997 395 1044 'scriptores
421 991 563 1029 dixisset
593 991 911 1038 parum—solicitos
930 991 1037 1028 fuisse
1057 992 1102 1028 de
1121 993 1230 1028 rebus
1244 1016 1256 1033 ,
1289 1003 1377 1038 quas
1394 991 1607 1032 traderent,
1644 993 1699 1027 vi.

196 1049 326 1090 deatur
345 1043 387 1079 in
413 1042 499 1078 loco
528 1040 705 1088 praesenti
727 1041 867 1088 reliqua
894 1052 1066 1088 ¹tangere,
1103 1040 1254 1088 istisque
1273 1039 1511 1086 scriptoribus
1539 1040 1699 1078 tribuere

197 1105 264 1134 aut
284 1104 406 1128 curam
424 1090 621 1126 verborum
640 1089 678 1135 (s.
699 1089 943 1136 elocutionis)
964 1100 1002 1125 et
1021 1088 1302 1136 compositionis
1319 1089 1487 1130 sonorae,
1513 1089 1699 1126 autetiam

195 1140 412 1190 {impliciter
433 1137 666 1188 diligentiam
685 1138 920 1185 studiumque
939 1138 1166 1175 elocutionis
1186 1137 1365 1179 sonorae,
1398 1138 1494 1174 bene
1519 1138 1699 1186 composi·
1752 1146 1763 1163 '¹

195 1205 261 1232 tae
288 1187 497 1274 acdsuavis,
530 1198 643 1235 prout
669 1186 732 1224 ista
751 1187 816 1224 Gr.
843 1188 1034 1226 sumantur
1057 1189 1118 1224 vel
1147 1186 1365 1234 separatim,
1397 1187 1457 1222 vel
1486 1186 1606 1224 iuncta
1630 1198 1699 1235 pet

191 1239 332 1280 hendia
359 1265 369 1274 .
1325 1236 1327 1239 ’

295 1290 444 1324 Horum
467 1290 619 1332 φράσεως
639 1284 790 1333 quidem
817 1285 1037 1323 vocabulum
1050 1311 1062 1328 ,
1095 1298 1114 1322 a
1133 1286 1213 1333 Stp.
1234 1283 1308 1320 Th.
1328 1283 1404 1321 fine
1423 1285 1592 1332 exemplo
1613 1297 1700 1332 pro-

195 1339 338 1380 latum,
370 1347 452 1372 non
478 1333 592 1370 modo
620 1334 889 1382 grammaticis,
924 1335 1027 1382 quod
1051 1335 1117 1371 ille
1141 1334 1218 1373 ait,
1253 1333 1472 1381 usurpatur,
1503 1333 1565 1370 sed
1586 1334 1700 1371 etiam

196 1387 359 1428 maxime
376 1382 610 1424 rhetoribus,
642 1394 685 1419 ut
702 1384 819 1431 Long.
838 1400 875 1420 π.
895 1382 972 1426 ὖψ.,
997 1395 1032 1419 v.
1055 1383 1134 1420 Ind.
1157 1382 1277 1422 Mon,
1300 1382 1364 1419 ubi
1385 1393 1470 1418 cum
1493 1384 1555 1428 Bg.
1576 1382 1700 1419 reddi.

197 1450 285 1479 tur,
308 1436 477 1471 Demetr.
494 1449 530 1469 π.
550 1430 624 1477 ἔςμ.
644 1431 704 1467 ed.
721 1431 839 1467 Fisch.
859 1445 894 1480 p.
910 1444 963 1478 ¹4·
982 1431 1008 1467 s.
1028 1444 1083 1476 17.
1096 1445 1145 1467 m.
1166 1442 1204 1466 et
1221 1429 1511 1478 frequentissime
1521 1429 1636 1467 Dion.
1648 1433 1698 1468 H.
1765 1432 1767 1452 ¹

196 1503 239 1526 π.
254 1487 350 1523 συνθ.
370 1481 440 1524 ὄν.,
471 1479 680 1517 tacentibus
701 1479 766 1516 etfi
785 1482 867 1517 Iud.
885 1481 945 1517 Sb.
967 1492 1006 1517 et
1020 1482 1130 1529 Upt.‚
1158 1480 1207 1516 cf.
1221 1478 1277 1515 ed.
1299 1479 1407 1523 Sb.2‚
1427 1488 1486 1520 82,
1499 1488 1555 1525 30.
1568 1489 1624 1526 34.
1639 1491 1698 1528 39.

198 1547 262 1582 94,
281 1544 338 1581 39.
368 1543 448 1575 127,
471 1538 527 1576 13.
546 1532 605 1564 26.
636 1535 718 1570 128,
745 1535 799 1567 18.
816 1539 876 1574 31.
905 1538 1078 1575 130,31.,
1102 1528 1165 1564 ubi
1187 1533 1309 1574 φράσις
1327 1536 1393 1565 τῶν
1412 1528 1590 1571 ὀνομάτων,
1617 1540 1699 1574 131,
1746 1574 1748 1577 .

197 1593 237 1626 3.
254 1596 314 1621 22.
345 1591 427 1627 134,
449 1590 503 1623 5.‚
531 1589 598 1624 pro
620 1589 696 1625 quo
716 1581 802 1623 λέξις
820 1577 871 1614 est
886 1578 910 1613 1.
925 1588 982 1625 13.
1004 1589 1043 1614 et
1062 1575 1166 1621 λόγος
1183 1577 1206 1612 l.
1223 1587 1303 1619 19.,
1337 1588 1396 1619 et,
1431 1577 1590 1623 opinor,
1623 1581 1703 1615 διά·

197 1644 318 1672 λεκ-ης
340 1637 421 1672 184,
445 1638 503 1674 31.
529 1627 569 1663 it.
590 1629 672 1666 166,
696 1634 776 1672 31..
812 1636 856 1662 ut
883 1638 940 1673 ap.
962 1626 1149 1664 Aristotel.
1175 1637 1214 1662 et
1234 1626 1416 1674 Hermog.
1443 1637 1524 1661 non
1544 1627 1698 1664 memini

197 1686 343 1728 φράσις,
376 1677 438 1715 sed
458 1673 582 1722 potius
599 1679 710 1720 λέξις,
745 1673 849 1723 quod
869 1685 912 1711 ut
929 1675 1031 1712 varie
1051 1675 1215 1722 capitur,
1243 1686 1317 1709 nec
1334 1673 1450 1710 modo
1472 1674 1519 1710 de
1545 1673 1698 1723 singulis
1745 1672 1751 1714 ’ξ

195 1728 344 1770 verbis,
365 1725 427 1762 sed
448 1735 487 1761 et
503 1725 549 1761 de
569 1722 738 1760 formulis
757 1723 929 1765 dicendi,
963 1735 1076 1772 atque
1098 1724 1187 1759 adeo
1209 1723 1256 1759 de
1275 1723 1366 1759 totis
1386 1724 1560 1760 membris
1579 1736 1699 1760 enun-

199 1777 402 1826 ciatisque,
428 1785 462 1811 v.
481 1773 616 1811 Sturm.
636 1772 681 1808 ad
699 1772 806 1809 Arist.
823 1773 916 1809 rhet.
937 1785 971 1820 p.
985 1784 1065 1820 349,
1079 1786 1110 1809 e.
1136 1783 1215 1818 354.
1229 1786 1280 1808 e.:
1305 1771 1355 1808 sic
1373 1772 1485 1809 etiam
1504 1770 1578 1808 dici
1596 1773 1697 1809 vide·
1742 1769 1749 1805 7

196 1838 262 1865 tur
280 1831 423 1873 φράσις,
450 1822 513 1858 cui
533 1833 605 1859 utr.
626 1821 748 1858 exacte
766 1821 970 1868 respondet
991 1822 1068 1859 Lat.
1086 1823 1147 1869 Eg.
1160 1848 1170 1864 ‚
1209 1833 1248 1857 et
1275 1820 1394 1868 ipsum
1418 1821 1486 1859 illo
1505 1820 1610 1859 sensu
1634 1823 1698 1858 tri.

197 1875 291 1926 plici
310 1873 508 1912 usitatum,
545 1870 604 1918 cf:
617 1873 664 1908 G.
681 1871 777 1911 Th..
811 1870 868 1906 Cl.
887 1870 1024 1920 Cic.vet
1043 1873 1177 1908 Sturm.
1197 1870 1242 1906 ad
1262 1871 1438 1919 Hermog.
1456 1887 1491 1908 π.
1511 1874 1552 1907 ia.
1579 1883 1614 1918 p.
1636 1884 1695 1916 25.

185 1925 257 1969 'e.,
289 1936 333 1960 ut
354 1921 518 1959 nostrum
535 1930 594 1966 og.
613 1921 693 1966 Stp.
711 1919 785 1954 Th.
808 1919 904 1956 reste
921 1920 1035 1956 vertit
1054 1920 1221 1961 elocutio,
1247 1920 1359 1956 etiam
1377 1919 1475 1955 Vossl
1493 1919 1533 1956 in
1553 1919 1698 1961 rhet.2‘.

196 1984 260 2015 28.
280 1973 306 2010 i.
318 1996 329 2014 ,
355 1969 540 2009 definiens
559 1967 606 2005 sic
631 1981 748 2017 „quae
767 1980 846 2004 non
863 1969 975 2004 verba
996 1969 1134 2010 modo,
1161 1967 1230 2017 sed
1239 1969 1347 2004 etiam
1365 1973 1505 2006 διάνοιαν
1521 1967 1546 2003 s.
1557 1968 1700 2016 senten-

186 2022 291 2064 'tiam
308 2018 506 2068 respiciat«
529 2028 658 2055 contra
677 2017 778 2053 usum
797 2018 989 2054 rhetorum
1010 2017 1238 2065 superiorum
1251 2041 1263 2058 ,
1289 2017 1359 2064 qui
1370 2028 1555 2065 perpetuo
1573 2017 1698 2054 distin.

253 2082 321 2108 unt
340 2080 398 2118 φρ.
418 2068 443 2104 s.
463 2070 553 2113 λέξιν
570 2080 589 2102 a
605 2070 733 2114 διανοίᾳ
752 2065 906 2113 aliisque
919 2091 931 2108 ‚
964 2065 1055 2104 huic
1074 2066 1174 2114 syn.;
1207 2064 1274 2101 nist
1302 2068 1406 2113 quod
1434 2066 1546 2112 etiam
1568 2068 1697 2104 Herm.
1732 2088 1734 2090 ·

197 2133 253 2159 Jta
271 2121 345 2157 late
366 2116 500 2165 accipit
516 2113 680 2162 ἕκφςασιν
701 2114 760 2151 1.1.
778 2126 880 2163 p-70.
895 2128 940 2151 m.
953 2140 966 2158 ‚
992 2113 1079 2150 alias
1090 2115 1274 2162 angustius
1291 2114 1467 2152 adhibens
1477 2111 1699 2162 v-s’xogcae‘ssm

195 2171 251 2209 ib.
272 2182 305 2217 p.
319 2177 460 2215 230.m.
512 2166 623 2201 Certe
641 2163 703 2201 hic
722 2175 778 2211 ap.
801 2164 975 2201 Nostrum
997 2174 1058 2209 φρ.
1078 2165 1131 2200 dr.
1155 2174 1300 2199 tantum
1327 2165 1374 2200 de
1392 2164 1534 2205 verbis,
1572 2164 1698 2201 elocu-

195 2219 309 2256 tione
329 2229 368 2253 et
391 2213 561 2269 oratione
579 2224 729 2250 externa
741 2237 753 2254 ‚
779 2223 824 2249 ut
841 2214 903 2261 Bg.
922 2213 1000 2251 Lat.
1015 2223 1056 2250 et
1070 2212 1121 2261 sq.
1133 2215 1298 2259 εὐφωνίας,
1323 2224 1395 2262 qua
1417 2212 1463 2249 de
1480 2211 1541 2248 hic
1558 2213 1699 2262 potisli-
1728 2251 1729 2255 ,

196 2280 304 2306 mum
321 2275 522 2314 quaeritur.
1730 2268 1732 2270 ·

179 2358 183 2361 ι
292 2312 524 2350 Vocabulum
548 2309 606 2352 id,
628 2321 773 2358 praeter
792 2310 1072 2357 grammaticos,
1097 2322 1137 2347 ct
1156 2310 1275 2358 ipsum
1292 2310 1502 2348 rhetoribus
1519 2310 1698 2360 frequen-

199 2366 342 2406 tatum,
366 2376 388 2400 e
407 2361 604 2398 notatione
621 2359 774 2408 quidem
791 2359 904 2395 fuerit
921 2360 1077 2396 suavitas
1096 2372 1159 2397 aut
1178 2360 1303 2397 vocis»
1324 2372 1388 2396 aut
1405 2359 1509 2403 soni,
1537 2368 1599 2397 aut
1615 2373 1697 2398 ver.

197 2417 356 2454 borum,
388 2423 472 2447 cum
496 2407 585 2454 φωνὴ
615 2407 704 2444 haec
733 2407 859 2444 omnia
878 2407 1080 2456 significet,
1115 2409 1162 2445 cf.
1191 2410 1251 2445 vel
1276 2420 1394 2445 unum
1420 2409 1536 2446 Dion.
1556 2411 1607 2458 H.
1624 2409 1648 2445 Ι.
1668 2412 1692 2445 l.
1719 2422 1727 2443 i

176 2460 262 2503 sed.
283 2465 372 2510 Upt.
385 2487 395 2502 ‚
418 2473 454 2494 v.
467 2470 498 2494 c.
511 2457 558 2493 de
577 2456 669 2493 sono
692 2469 727 2504 p.
743 2469 800 2502 94.
813 2469 863 2492 m.
885 2466 940 2501 98.
953 2457 976 2493 i.
989 2481 999 2498 ,
1024 2458 1070 2493 de
1087 2470 1179 2495 voce
1197 2470 1233 2504 p.
1250 2458 1365 2495 100.i.
1391 2469 1527 2502 114.m.
1554 2462 1701 2502 156‚m.-
1724 2452 1727 2481 ¹¹
1769 2492 1772 2504 A

179 2557 182 2561 ⁴
199 2524 241 2549 et
258 2513 303 2549 de
320 2509 441 2547 verbis
456 2516 642 2561 p.83.m.‚
667 2518 732 2553 pro
753 2517 828 2553 quo
848 2503 951 2551 ὄνομα
968 2518 1006 2552 p.
1021 2515 1078 2547 38.
1093 2520 1123 2542 e.
1138 2532 1150 2547 .,
1187 2506 1236 2542 cf.
1258 2519 1294 2554 p.
1315 2512 1435 2547 108.e.
1457 2517 1495 2544 et
1514 2506 1560 2543 de
1579 2506 1695 2545 tribus
1721 2527 1724 2543 ι
1767 2530 1772 2553 1

199 2560 304 2598 fimul
325 2569 453 2607 p.90.,
484 2556 548 2592 ubi
568 2566 755 2602 praeterea
773 2562 900 2600 φωναὶ,
931 2566 951 2599 a
969 2552 1092 2601 ψόφοις
1111 2555 1320 2596 distinctae,
1348 2555 1562 2592 tribuuntur
1580 2558 1694 2592 modo
1720 2564 1723 2571 ·

197 2608 398 2645 vocalibus.
453 2606 620 2648 Quarum
641 2602 839 2639 notionum
855 2603 891 2639 h.
904 2603 931 2639 1.
958 2603 1033 2639 sola
1049 2605 1179 2640 habeat
1195 2604 1320 2640 locum
1340 2603 1402 2640 ista
1412 2611 1431 2646 ,·
1463 2616 1534 2652 qua
1553 2608 1627 2650 εὐφ.
1646 2606 1695 2640 est

198 2656 353 2695 suavitas
373 2655 473 2696 soni,
500 2665 519 2689 a
537 2652 658 2689 verbis
676 2651 790 2692 editi,
821 2664 905 2689 cum
921 2652 968 2688 de
985 2665 1079 2688 voce
1102 2653 1302 2700 loquentis,
1325 2652 1620 2701 pronunciantis,
1644 2654 1694 2690 le·

198 2705 322 2755 gentis
350 2704 472 2740 minus
496 2701 559 2738 hic
587 2701 831 2749 cogitandum
857 2701 1027 2738 videatur
1047 2703 1096 2738 ob
1118 2702 1330 2738 adiunRum
1348 2699 1504 2747 φρέτεως
1521 2702 1546 2737 s.
1564 2703 1694 2740 verbo·

189 2753 287 2793 rum.
340 2754 508 2801 Cumque
526 2761 655 2799 percat
677 2749 866 2788 interdum
884 2750 1006 2798 aliqua
1026 2749 1298 2800 incompositis
1317 2748 1448 2790 notio:
1483 2752 1692 2802 aeu’pspoflit

1760 2679 1772 2799 2-:2-1
1762 2629 1772 2651 σε
1765 2581 1772 2602 ,ἢ
