1772 3158
499 155 798 202 EXCVRSVS
831 155 916 201 AD
954 154 1101 201 LIBR.
1130 156 1167 201 1.
1485 169 1585 216 755
1635 177 1640 181 '

81 268 194 306 etiam
214 267 294 316 capi
315 279 384 315 pro
402 266 608 304 suavitate
598 281 638 304 in
658 266 882 309 universum,
906 265 931 302 si
952 278 1070 303 vertas
1090 268 1201 305 rnodo
1221 273 1271 309 εὑ,
1299 267 1338 304 in
1357 267 1498 316 primis,
1524 269 1591 306 ubi

81 318 204 355 Nostri
233 319 322 353 haec
342 331 406 364 per
422 316 596 353 hendiad.
620 329 802 364 exponas;
836 317 938 353 unde
965 315 1030 363 ipsi
1058 329 1129 352 nos
1149 317 1252 363 supra
1272 319 1492 354 elocutionem
1504 318 1591 374 sua·

82 380 159 402 vem
181 367 375 408 dedimus,
400 366 542 403 duobus
561 365 668 402 subst.
685 365 838 406 mutatis
859 365 898 401 in
919 365 1022 402 subst.
1045 377 1131 401 cum
1149 365 1220 401 adi.
1231 380 1241 407 ,-
1272 378 1365 413 quae
1382 378 1456 404 utr.
1476 367 1588 410 ratio,

80 416 144 451 sed
163 415 264 463 prior
283 426 407 451 tamen
425 413 578 455 clarius,
603 415 793 461 apparebit
811 426 854 450 ex
874 414 938 457 iis,
975 426 1068 461 quae
1093 413 1202 461 super
1231 418 1305 460 2134.
1335 427 1438 451 nunc
1459 415 1589 452 dicen..

80 475 144 500 tur
163 463 366 501 secundum
385 474 526 499 veteres
547 464 716 500 rhetores
729 487 741 505 ‚
773 476 793 500 e
813 463 949 512 quibus
967 462 1076 500 notio
1103 475 1253 500 eruetur
1273 464 1385 511 paulo
1413 464 1586 516 amplior,

80 525 191 562 quam
214 525 270 560 ap.
290 515 403 559 Inttp.
423 512 463 548 in
483 512 534 549 N.

182 562 350 597 Omnino
371 571 566 600 v,eterum
594 573 687 608 quos
709 560 841 603 habui,
869 561 1057 598 rhetorum
1079 573 1192 598 nemo
1213 560 1344 598 definit
1363 575 1441 598 eam
1463 547 1513 599 a
1530 576 1601 600 ar·-

79 621 119 647 te
138 622 176 646 et
198 608 342 650 severe,
369 609 429 645 sed
448 620 596 645 tantum
616 610 780 657 oblique.
828 611 1211 658 Demetriusquidem
1235 628 1271 648 π.
1293 609 1366 657 ἑςμ.
1385 625 1420 658 p.
1459 625 1537 648 2.e.
1556 612 1585 648 s.

77 667 138 704 48.
159 662 343 703 δυσφωνίαν
363 661 549 699 συνθέσεως
562 684 573 699 ‚
598 659 827 705 asperitatem
845 660 1096 707 conpositionis
1108 684 1118 701 ,
1146 659 1305 696 ostendit
1324 672 1368 695 ex
1384 661 1450 697 illo
1462 662 1583 698 Hom.

78 707 164 748 Αἴας
185 706 210 744 δ
232 705 252 743 ὅ
266 714 380 750 μέγας
401 712 470 743 αἰὲν
490 707 540 752 ἐφ’
556 705 693 754 Euros:
709 710 942 755 χαλκοκορυςῇ
957 732 967 748 ,
994 707 1060 750 fic,
1077 722 1120 746 ut
1137 707 1250 744 inlit'
1241 721 1279 744 in
1291 710 1478 745 vocabulis
1488 710 1586 752 Αἴας,

77 761 149 793 αἰὲν
167 767 204 791 et
226 768 332 800 χαλκ.
324 780 352 796 .,
387 767 548 803 quorum
571 755 689 804 priora
710 759 784 793 duo
804 757 966 793 efficiant
990 758 1122 794 sonum
1141 758 1328 805 ingratum
1348 771 1414 803 per
1435 759 1586 795 vocales

77 803 220 840 vicinas
239 816 278 840 et
296 816 584 846 concurrentes,
614 824 646 848 α4
660 818 743 842 cum
765 822 787 842 α
802 818 837 842 et
857 823 873 843 ε
887 831 896 847 ,
923 806 983 842 sed
1003 806 1182 854 posterius
1201 818 1263 854 per
1277 823 1314 844 κο
1334 806 1505 854 syllabam
1527 819 1585 844 re-

76 853 255 901 petitam;
293 865 337 889 ut
357 852 454 890 reste
472 855 572 901 cepit
592 853 704 892 etiam
726 854 828 890 Voss‘.
848 856 889 891 in
908 855 1001 891 rhet.
1022 856 1187 901 22441.i-
1214 865 1297 901 453.
1318 857 1454 902 Nr.9.;
1478 856 1582 893 unde

77 902 300 938 contrariam
320 906 394 948 ευφ.
413 902 556 945 elicias,
583 914 625 940 ut
643 903 686 941 fit
702 903 814 940 sonus
831 904 946 940 suavis
967 905 1024 940 vel
1047 919 1067 940 e
1089 905 1230 951 syllabis
1248 905 1474 946 lenioribus,
1507 917 1581 941 nec

77 951 130 988 ita
149 950 246 998 quali
271 951 515 992 latrantibus,
547 953 604 988 vel
623 966 639 986 a
659 953 849 989 vocalibus
874 965 955 988 non
974 954 1187 995 continuis,
1224 952 1285 989 sed
1307 953 1429 989 mixtis
1449 954 1584 990 conso-

76 1001 277 1042 nantibus;
315 1013 410 1047 quae
435 1010 509 1037 utr.
536 1001 630 1037 ratio
651 1003 815 1056 pertinet
839 1002 954 1038 modo
982 1001 1026 1037 ad
1045 1002 1190 1065 singula
1201 1002 1400 1043 vocabula,
1428 1002 1584 1051 syllabas

78 1061 152 1096 que
173 1062 257 1085 cum
277 1049 410 1085 litteris
430 1062 580 1091 eorum;
618 1063 660 1087 ut
682 1051 733 1086 ib.
758 1064 798 1086 m
821 1051 885 1099 sqq
865 1064 899 1098 q.
927 1062 994 1087 λεια
981 1047 1057 1092 ίτης
1075 1070 1128 1092 m
1150 1050 1190 1088 τὸ
1209 1046 1362 1093 εὐῆκοον.
1393 1053 1518 1087 laevor
1543 1062 1585 1088 et

76 1100 264 1135 iucundum
282 1097 432 1134 auribus
451 1098 626 1147 qualest,
661 1100 701 1136 it.
721 1099 802 1147 ῥᾷον
821 1100 873 1142 καὶ
894 1097 991 1142 ηδιον,
1010 1101 1167 1147 facilius
1186 1111 1224 1135 et
1237 1099 1405 1146 suavius,
1431 1113 1585 1149 quoque

75 1147 247 1184 indicant
267 1148 368 1183 illam
387 1149 461 1192 εὗφ.
472 1171 483 1187 ,
519 1147 567 1183 cf.
586 1161 620 1195 p.
635 1162 691 1194 44.
720 1157 742 1186 1.
760 1154 816 1194 69.
829 1149 878 1196 sq.
892 1174 902 1191 ,
934 1147 1005 1184 ubi
1015 1148 1362 1196 redditur-suavitas
1380 1151 1497 1192 vocis,
1520 1150 1585 1188 sed

76 1193 299 1256 εὖφωνότερᾶν
315 1200 383 1238 ἐςι,
412 1196 754 1243 fitaviaremvocem
765 1197 882 1239 habet,
908 1197 1113 1247 immosuat
1117 1199 1177 1233 ius
1195 1197 1263 1237 cst,
1286 1209 1328 1233 ut
1343 1197 1478 1234 restius
1497 1210 1585 1234 mox

76 1242 305 1303 εὐφωνότεροι,
328 1243 521 1290 suaviora,
552 1246 651 1282 sedi.
672 1247 693 1281 l.
713 1246 857 1288 1268.e.
880 1247 1012 1283 diserte
1030 1250 1265 1292 εὖφωνίκν-,
1290 1248 1560 1291 ‘rhytmice-anst
1545 1264 1583 1285 ειι

76 1304 137 1337 τῆς
154 1290 405 1350 συγξροᾶσεως.
432 1294 480 1329 sc.
499 1302 699 1341 φωνηέντων,
727 1307 770 1331 ut
792 1294 971 1331 adiectum
992 1307 1067 1330 erat
1081 1295 1159 1330 lect
1183 1308 1205 1330 ι.
1215 1319 1226 1334 ,
1254 1296 1351 1330 vocis
1369 1295 1585 1337 dulcedine,

75 1356 166 1394 quae
184 1343 306 1378 oritur
327 1355 369 1378 ex
375 1344 572 1397 concursu,
597 1357 691 1391 quae
712 1344 905 1379 referenda
926 1343 971 1379 ad
996 1344 1097 1390 plura
1116 1343 1348 1384 vocabula,
1337 1356 1436 1380 inter
1457 1344 1492 1379 se
1514 1358 1582 1380 co-

75 1393 221 1444 pulata,
250 1403 294 1429 ut
310 1389 382 1428 fit'
371 1404 410 1428 m
433 1393 604 1429 oratione
621 1392 716 1429 laevi
735 1392 949 1440 vinetaque,
976 1392 1038 1429 ubi
1057 1391 1236 1441 syllabis
1226 1405 1266 1428 1n
1285 1393 1458 1430 extremis
1478 1406 1587 1429 cave-

74 1453 137 1478 tur
140 1431 337 1476 vocalium
357 1440 578 1483 concursus,
605 1441 653 1479 cf.
675 1454 708 1488 p.
722 1445 802 1478 160.
819 1441 937 1488 s-322.
929 1465 962 1482 .,
989 1453 1032 1478 ut
1050 1454 1178 1478 contra
1196 1453 1231 1488 p.
1248 1452 1327 1477 100.
1348 1441 1375 1478 s.
1400 1453 1479 1486 177.
1500 1447 1582 1488 εὗφ.

75 1489 255 1536 quaedam
277 1489 474 1526 statuitur
464 1503 504 1526 in
524 1491 815 1528 consonantibus
833 1509 848 1527 ν
869 1502 907 1528 et
925 1503 958 1528 λ.
1003 1492 1076 1527 Sed
1101 1489 1219 1526 Dion.
1243 1492 1292 1526 Η.
1311 1491 1336 1526 l.
1356 1490 1381 1526 1.
1408 1490 1467 1530 ed.
1490 1493 1583 1538 Upt.

74 1553 114 1586 p.
127 1549 183 1580 82·
203 1550 288 1575 cum
309 1538 475 1580 dixisset,
509 1552 586 1576 non
611 1552 740 1576 omnes
764 1552 884 1587 partes
908 1539 1081 1576 dictionis
1102 1551 1141 1576 et
1161 1539 1333 1575 vocabuli
1354 1539 1470 1576 solere
1489 1552 1584 1576 ana-

75 1600 157 1624 tura
177 1587 341 1624 similiter
361 1588 504 1624 afficere
523 1588 690 1626 auditum
709 1588 734 1623 s.
754 1601 878 1639 aures...
913 1590 974 1626 sed
999 1588 1108 1624 sonos
1128 1588 1309 1635 quosdam
1330 1588 1410 1625 eius
1430 1590 1489 1626 vel
1517 1589 1585 1625 ob-

73 1637 228 1679 lestare,
267 1637 326 1672 vel
354 1636 566 1680 offendere,
611 1648 650 1674 ct
677 1637 802 1674 suaves
832 1628 903 1674 esse
937 1636 1170 1685 ingratosve.
1212 1637 1328 1683 idque
1358 1650 1438 1673 non
1465 1640 1582 1679 modo

74 1695 227 1733 propter
246 1685 452 1722 litterarum
473 1696 663 1728 naturam,
698 1686 833 1741 quibus
861 1687 1004 1722 constet
1031 1686 1276 1727 vocabulum,
1310 1698 1439 1723 verum
1468 1686 1582 1724 etiam

76 1735 126 1770 ob
150 1734 365 1790 syllabarum
383 1735 687 1780 copulationem,
722 1734 826 1772 addit
855 1735 1012 1774 deinde,
1046 1735 1092 1770 ad
1114 1735 1314 1770 iucundam
1338 1736 1466 1772 auditu
1499 1735 1582 1772 red-

75 1785 236 1819 dendam
264 1783 470 1819 orationem
499 1794 538 1819 et
562 1784 763 1821 diffionem
782 1785 943 1832 relinqui
961 1784 1054 1824 hoc,
1092 1794 1134 1819 ut
1162 1784 1347 1820 miscendo
1374 1797 1579 1831 mammete

75 1830 209 1878 εὔφωνα
223 1856 234 1873 ,
256 1833 388 1879 anora
407 1833 500 1868 male
512 1831 739 1880 fhnantibus‚
765 1834 993 1869 occultemus
1013 1831 1240 1879 asperitatem
1258 1834 1490 1892 quarundam
1509 1834 1582 1872 lit-

75 1893 233 1919 terarum
252 1892 291 1917 et
309 1881 548 1930 syllabarum,
582 1894 621 1919 et
639 1895 674 1929 p.
687 1885 744 1923 86.
771 1882 873 1919 ταῦτ’
901 1883 1007 1926 οἰόμη
1027 1890 1149 1927 χρῆνοω
1171 1879 1356 1927 φυλέπειν
1384 1887 1415 1918 ἐν
1434 1886 1478 1928 τῇ
1502 1898 1581 1920 συν-

75 1935 172 1969 θέσει
204 1947 263 1967 τον
291 1937 458 1974 μέλλοντα
488 1931 659 1973 διαθησειν
684 1948 746 1973 την
768 1930 870 1973 damin
897 1931 1020 1994 ηξὲως.
1052 1947 1098 1968 'tx
1119 1934 1244 1974 εὐμελῆ·
1266 1948 1319 1972 nou
1344 1930 1495 1991 ευρυθμα
1522 1949 1579 1976 uoq

75 1977 205 2025 ενφωνα
229 1975 402 2023 &urium-ez,
437 1978 493 2025 εἶφ’
513 1985 556 2017 ὠν
578 1978 795 2023 ymni-aeras
818 1996 858 2018 τε
884 1997 937 2022 amq
963 1976 1179 2040 μαιλεέττετοᾳ
1201 1997 1254 2021 nou
1285 1979 1326 2016 τὸ
1351 1994 1423 2018 ολον
1452 1987 1579 2023 οἰκείως

16 2060 22 2064 ,
75 2032 264 2069 Boos-riflum
283 2027 304 2070 ἦ
320 2029 477 2070 αἴσθησις
490 2053 500 2069 ‚
535 2046 646 2066 'raum
663 2027 819 2071 α’λθῆλοις
838 2044 1095 2075 συνκξμεττειν,
1121 2045 1140 2070 n
1162 2033 1208 2064 τὰ
1231 2044 1277 2071 μη
1298 2044 1459 2070 τοιαυτην
1479 2045 1580 2074 excv-

74 2094 121 2115 τα
141 2075 240 2122 <pisctu
255 2082 519 2121 ἔγκαταπΙέκειν
538 2085 576 2115 τέ
595 2077 647 2121 xo.)
668 2084 871 2123 συνυφαίνειν
887 2082 958 2119 τοῖς
976 2081 1163 2123 δυνκμένοις
1182 2077 1287 2120 αὖτνίν
1305 2077 1382 2124 (τνν
1397 2080 1577 2141 αἰσθησιν)

73 2141 268 2172 *yona-sven,
311 2142 372 2164 ωςε
409 2125 473 2162 zinci
499 2137 559 2169 τῆς
588 2132 713 2164 ἐκείνων
739 2142 883 2172 zuei-roc
911 2129 1166 2169 &monento-9214
1196 2143 1258 2168 ’την
1287 2127 1412 2164 τούτων
1442 2127 1577 2170 ανῖὂίκν,

74 2187 193 2223 quae,
230 2174 405 2222 quoniam
424 2176 696 2223 Interpretern
688 2188 726 2212 m
748 2176 910 2222 partibus
930 2176 1022 2211 male
1042 2175 1272 2214 habuerunt,
1308 2176 1502 2213 videntem
1523 2187 1578 2211 ta-

74 2236 162 2260 men
181 2225 276 2265 hoc,
302 2242 362 2267 την
385 2224 479 2262 αἴσθ.
502 2225 562 2261 hic
582 2224 650 2261 effe
671 2224 847 2262 audiendi
865 2224 1030 2266 sensum,
1057 2224 1225 2260 auditum
1242 2222 1268 2260 s.
1288 2236 1392 2260 aures
1406 2249 1416 2265 .
1442 2237 1479 2262 et
1499 2225 1523 2261 i.
1535 2237 1575 2273 q.

73 2286 129 2321 pr.
149 2271 211 2316 τῆν
227 2273 348 2316 inam,
381 2272 428 2309 fic
449 2274 662 2316 reddemus,
686 2276 769 2310 haec
784 2283 867 2320 puto
886 2284 1046 2323 oportere
1073 2272 1294 2322 observare
1279 2287 1317 2309 m
1335 2275 1574 2322 compositione

73 2335 171 2364 eum,
204 2323 265 2369 qui
284 2335 388 2358 aures
404 2324 491 2358 velit
503 2322 669 2371 suaviter
687 2323 848 2366 afficere,
879 2335 1013 2359 canora
1032 2333 1068 2358 et
1092 2321 1269 2371 numerosa
1285 2333 1319 2358 et
1339 2323 1470 2359 sonora
1490 2335 1575 2359 ver-

74 2372 139 2412 ba,
174 2385 197 2407 a
225 2372 347 2419 quibus
375 2373 547 2407 delinitur
570 2383 606 2409 et
630 2374 801 2408 mulcetur
829 2382 864 2408 et
890 2372 1047 2407 omnino
1076 2373 1222 2407 iucunde
1240 2371 1397 2408 afficitur
1417 2373 1574 2412 auditus.

73 2421 186 2461 haec,
220 2421 385 2469 inquam,
417 2431 593 2468 oportere
600 2422 675 2468 fibi
692 2422 842 2457 invicem
863 2431 1132 2469 coavmentare,
1163 2430 1250 2462 aut,
1277 2432 1365 2468 quac
1385 2422 1492 2458 talem
1511 2430 1576 2457 na-

74 2479 196 2506 turam
216 2482 282 2505 non
301 2470 473 2511 habeant..
497 2470 679 2517 implicare
699 2481 807 2518 atque
822 2471 997 2506 inneaere
1017 2470 1076 2511 iis,
1099 2482 1187 2518 quae
1210 2469 1344 2516 poffint
1360 2482 1449 2513 eum,
1474 2469 1576 2508 audi-

74 2529 182 2559 tum,
217 2521 337 2554 mulce·
326 2532 386 2560 ·e,
417 2527 455 2554 ut
473 2521 518 2555 ab
537 2521 675 2555 illorum
687 2521 818 2568 gratia
844 2518 1046 2567 obscuretur
1073 2520 1193 2554 horum
1212 2517 1433 2566 insuavitas;
1470 2519 1575 2568 quod

75 2568 212 2605 deinde
233 2567 437 2604 ostenditm
450 2568 637 2604 vocalibus
658 2582 692 2617 p.
703 2580 760 2613 94.
773 2581 819 2604 m.
837 2568 913 2616 sqq.
906 2593 947 2631 .,’
960 2568 1021 2604 ubi
1028 2565 1150 2627 φωνῆν
1169 2566 1281 2610 ἤδίςην
1296 2567 1576 2617 λ.1“οηιιηι]ἰια-

73 2615 242 2664 wffimum
256 2641 265 2657 ,
300 2629 378 2653 non
399 2619 493 2664 lntp.
516 2629 654 2660 vocem,
678 2634 741 2654 των
759 2626 893 2662 μακρῶν
912 2613 1153 2677 εὐφωνότατον
1159 2617 1201 2653 το“
1222 2633 1244 2653 a
1259 2628 1293 2657 λ.
1307 2640 1318 2658 ,
1340 2618 1438 2654 inter
1456 2619 1512 2654 lon
1538 2628 1579 2652 as

74 2664 346 2715 asonantiffima
358 2691 368 2708 ,
392 2676 454 2702 τῶν
473 2671 507 2704 δὲ
526 2672 679 2712 βραχεων
695 2669 862 2712 οῦδὲ-τερον
881 2683 940 2710 μεν
959 2680 1080 2709 ευηχον
1092 2688 1102 2706 ‚
1134 2671 1233 2707 ἦττον
1254 2669 1289 2703 δὲ
1308 2670 1456 2712 δυσηχὲς
1479 2683 1520 2704 το
1547 2682 1579 2706 o.

75 2716 235 2752 brevium
253 2728 337 2752 vero
360 2725 488 2752 neutra
504 2715 630 2752 sonora
654 2714 722 2764 est,
754 2732 770 2753 ο
792 2725 910 2751 tamen
928 2713 975 2764 est
1003 2717 1125 2750 minus
1144 2712 1290 2756 absona,
1323 2715 1440 2753 immo
1466 2717 1578 2752 minus

77 2765 286 2809 iniucunda,
311 2765 354 2802 it.
371 2764 411 2802 in
432 2763 710 2803 semivocalibus
728 2776 763 2813 p.
775 2769 831 2811 9⁶.
855 2777 886 2801 e.
908 2763 984 2813 sqq.
977 2787 1004 2807 .‚
1032 2761 1072 2800 in
1092 2757 1302 2813 duplicibus
1324 2775 1363 2803 et
1381 2766 1494 2803 mutis
1516 2765 1579 2801 de-
