1798 3163
558 112 729 157 LIBER
746 110 781 156 1.
832 112 958 158 CAP.
981 113 1019 157 1.
1154 156 1156 158 ,
1490 122 1550 166 25

51 234 86 281 oi
107 225 428 298 δέπςὸσκαιξον
441 223 512 282 τὴν
533 220 781 278 davus-slav.
824 245 870 288 7.
901 233 966 278 vis
989 231 1215 295 temporis.
1289 233 1404 277 Sunt
1415 231 1561 287 etiam,

53 306 138 356 εἰσὶ
159 301 213 365 δ’,
245 306 295 364 οἳ,
329 302 459 372 μέχςι
485 303 788 371 πξοσηγοξῖοις
823 309 902 371 qui
924 306 1265 372 appellationem
1287 306 1563 353 ethonorern

51 381 128 432 καὶ
191 382 315 446 τιμῆς
376 377 595 447 ἐφημέξου
659 375 787 442 μόνης
822 382 878 430 acl
936 383 1052 430 diem
1103 392 1278 429 tautum
1331 382 1566 440 consecuti,

53 521 224 571 loquitur
243 533 308 570 pro
326 518 518 557 communi
537 517 622 556 sexu
641 518 1002 566 comparatiuorum:
1032 528 1158 555 tamen
1177 517 1219 555 in
1231 517 1314 554 Exc.
1329 515 1400 553 alia
1420 516 1460 553 in
1470 510 1568 554 hain:

53 584 131 607 rem
167 571 338 608 dedimus
367 569 559 615 exempla,
605 568 667 604 hic
694 570 844 616 quidem
873 579 935 611 vt,
969 580 1055 606 cum
1085 569 1180 606 Mss.
1209 578 1360 616 quoque
1389 577 1567 604 tueantur

51 620 253 657 lectionem
272 619 396 667 vulg...
424 619 638 660 videamus,
667 618 759 666 quid
780 617 822 654 fit
842 623 1095 665 ἐπιμηκέςεςον,
1127 617 1197 654 adi.
1218 629 1266 653 an
1282 615 1364 653 adu.
1400 617 1470 652 Pro
1491 616 1568 652 adi.

56 669 224 718 agnoscit
245 671 282 706 P.
308 668 422 705 etiam
441 680 526 704 cum
543 668 587 704 R.
612 667 658 703 ad
679 670 766 704 Luc.
786 680 822 711 2,
843 676 927 713 428.
956 668 1005 704 N.
1026 680 1078 713 57.
1093 693 1104 710 ,
1131 666 1216 708 vbi,
1252 678 1338 703 cum
1359 664 1503 702 dixiffet
1521 667 1572 702 de

55 718 128 755 adi.
153 718 290 755 talibus
309 717 351 754 in
369 734 404 760 ος
426 717 638 755 communis
657 716 805 766 generis
825 717 866 754 in
887 715 1228 766 politium—pergit
1262 715 1383 762 „quin
1402 727 1441 752 et
1468 727 1572 750 com-

54 768 222 816 paratiuo
243 767 356 816 gradu
375 772 468 811 ἐπιμ.
488 765 600 813 ἀρχὴν
619 765 751 804 inueni
770 779 828 813 ap.
851 765 1008 803 Herodi.
1033 779 1064 803 1.
1087 778 1189 813 902„
1213 765 1317 813 quod
1334 766 1414 811 Sep.
1442 774 1572 801 tamen.

55 815 286 864 suspeduff‘
314 829 379 863 pro
403 828 480 864 quo
497 817 567 853 adi.
586 815 687 853 forte
707 827 745 852 et
762 817 827 864 Bg.
848 815 975 863 cepit,
1007 827 1219 864 quanquam
1249 815 1288 850 in
1310 816 1390 850 Lat.
1407 814 1486 850 eius
1506 813 1573 850 ali-

57 868 142 913 q1‘1is
166 866 248 902 adu.
280 878 430 914 quoque
455 865 625 909 reperiat.
684 865 911 907 Enimuero,
953 877 1030 912 quo
1053 865 1176 906 miuus
1206 877 1274 911 pro
1296 865 1379 900 adu.
1412 863 1572 910 capiam,

56 915 219 964 impedit
236 914 321 958 illa,
357 927 451 961 quae
472 913 521 951 fic
540 914 679 956 oritur,
713 913 964 950 inconstantia
987 912 1170 949 orationis
1197 924 1310 960 atque
1331 911 1574 949 construfflo.

57 964 118 1000 nis
133 988 143 1004 ‚
172 976 237 1011 per
255 975 366 1011 quam
386 976 502 1001 vnum
523 976 557 999 v.
577 960 685 1007 ἔσχον
703 963 837 999 habeat
856 963 976 1009 primo
998 962 1078 998 adu.
1099 973 1182 997 cum
1210 974 1283 997 acc.
1307 966 1398 1005 ἐπιμ.
1417 978 1451 998 τ.
1471 965 1573 1008 &exo

57 1013 223 1055 deinde,
245 1012 286 1049 in
306 1023 381 1049 tam
400 1012 502 1049 breui
527 1011 727 1048 interuallo
745 1022 785 1048 et
802 1010 1096 1053 enunciatione,
1123 1009 1229 1047 simul
1253 1010 1398 1047 nudum
1424 1021 1568 1057 accare-

59 1080 92 1099 τ.
113 1065 180 1100 δυν.
233 1063 286 1098 Eo
309 1073 494 1108 praetcrea
511 1060 594 1097 adu.
613 1060 758 1100 sumto,
787 1059 951 1096 violatur
970 1059 1211 1097 concinnitas
1234 1057 1380 1102 Nostri,
1404 1071 1521 1106 quae,
1547 1057 1575 1096 fi

0 1124 1 1129 ¹
58 1116 113 1149 ἒπ.
137 1111 208 1146 adi.
226 1109 417 1151 statuitur,
446 1110 542 1146 salua
563 1110 613 1145 est
631 1119 670 1146 et
687 1110 798 1150 haec,
824 1120 868 1146 vt
891 1109 999 1145 subst.
1024 1109 1202 1154 quodque
1222 1120 1353 1146 teneat
1372 1108 1575 1152 adulsuum,

59 1159 124 1196 sed
142 1159 213 1201 fic,
240 1170 280 1195 vt
298 1172 333 1194 v.
355 1155 434 1204 ἔσχ.
454 1159 524 1196 stet
542 1157 727 1199 medium,
754 1171 825 1196 nec
844 1158 884 1194 in
901 1156 977 1195 fine
994 1158 1276 1196 enunciationis
1295 1157 1373 1204 post
1393 1161 1460 1195 δυν.
1474 1183 1486 1199 ,
1517 1157 1579 1196 id-

61 1221 134 1255 que
154 1219 348 1256 propterea
361 1231 371 1248 ,
400 1208 511 1244 credo
524 1235 534 1251 ,
561 1221 610 1243 ne
630 1207 867 1244 concinnitas
883 1208 997 1244 nimis
1017 1219 1204 1255 appareat.
1256 1209 1382 1254 Qare
1402 1219 1486 1243 cum
1511 1219 1577 1256 ge-

59 1269 132 1293 nus
150 1257 246 1294 illud
267 1257 508 1304 comparatiui
530 1269 755 1299 commune,
797 1268 912 1305 atque
938 1258 1034 1294 adeo
1064 1256 1125 1293 hic
1144 1256 1392 1298 femininum,
1428 1255 1512 1294 satis
1532 1255 1579 1294 fit:

59 1305 296 1343 confestum:
334 1318 486 1354 propter
504 1306 604 1342 illam
625 1306 869 1345 constantiam
890 1306 1241 1344 etconcinnitatem
1255 1306 1430 1355 equidem
1443 1319 1582 1343 maneo

50 1356 102 1393 *in
122 1356 219 1397 hoc,
245 1367 286 1392 vt
303 1359 537 1402 ἐπιμηκέςεςσν
557 1368 626 1403 pro
649 1355 720 1391 adi.
742 1356 929 1398 seruetur;
965 1355 1005 1393 in
1031 1369 1108 1404 quo
1137 1358 1300 1403 (praeter
1320 1355 1417 1392 illam
1438 1355 1578 1393 iterum

62 1404 275 1453 exquisitam
294 1407 483 1441 rationem
501 1405 542 1441 in
562 1406 632 1442 adi.
658 1403 778 1452 polito
797 1418 883 1442 ante
905 1405 1009 1442 artic.
1033 1417 1072 1443 et
1090 1405 1215 1451 subst.)
1236 1405 1578 1443 animaduertamue

63 1466 103 1492 et
120 1454 314 1501 copulatos
338 1453 503 1491 diuersos
522 1454 791 1491 adieetiuorum
801 1452 950 1503 gradus,
979 1467 1179 1502 comparat.
1202 1467 1289 1492 cum
1305 1455 1424 1504 polit„
1445 1467 1581 1491 verum

63 1504 125 1541 hic
146 1515 269 1540 tamen
291 1515 374 1540 cum
395 1502 502 1541 subst.
523 1504 625 1551 dupl.
639 1528 650 1545 ‚
678 1505 770 1550 (quo
791 1504 838 1541 de
857 1516 993 1552 genere
1009 1503 1111 1541 simul
1133 1504 1310 1546 dicemus,
1337 1504 1399 1542 vbi
1422 1503 1581 1541 inferius

62 1552 281 1591 habebimus
311 1551 474 1589 diuersos
499 1555 632 1601 gradus
656 1552 729 1589 adi.
751 1565 837 1590 cum
866 1553 975 1590 subst.
998 1566 1074 1590 vno
1103 1554 1344 1601 eodemque,)
1374 1566 1488 1602 vtque
1516 1554 1582 1590 hie

64 1613 263 1650 comparat.
283 1601 393 1650 poffit
410 1603 532 1638 valere
554 1614 618 1639 aut
635 1602 671 1638 vi
692 1602 775 1644 sua,
802 1615 867 1640 aut
887 1615 954 1650 pro
977 1603 1108 1651 polit..
1144 1614 1186 1639 νε
1206 1602 1342 1641 diserte
1362 1604 1400 1640 Ρ.
1425 1603 1583 1652 accepit.

66 1653 142 1689 dux
168 1651 268 1688 idem·
298 1653 357 1700 ssg.
380 1652 426 1688 ad
456 1651 745 1699 opprimendum
771 1665 851 1689 non
876 1653 991 1689 modo
1016 1658 1077 1697 μὲν
1095 1663 1134 1688 et
1153 1655 1212 1695 δὲ,
1248 1652 1310 1690 sed
1337 1664 1377 1690 et
1396 1665 1512 1689 vnum
1535 1653 1585 1690 de

65 1700 176 1740 subst.
196 1701 284 1745 Gn,
312 1712 497 1748 praeterea
514 1714 602 1737 vero
622 1700 806 1743 seuerior,
834 1715 944 1750 quam
966 1705 1029 1750 Bg.
1043 1726 1054 1744 ‚
1081 1701 1121 1739 in
1139 1702 1213 1739 adi.
1238 1713 1334 1744 vtr.‚
1363 1702 1451 1739 dum
1473 1702 1512 1739 in
1523 1717 1588 1748 πρ.-

67 1750 195 1788 tenuit
213 1749 374 1787 eundem
395 1762 480 1786 cum
500 1752 564 1788 Gr.
586 1750 728 1793 casum,
757 1763 775 1787 a
796 1753 858 1800 Bg.
879 1761 1064 1788 mutatum
1084 1751 1123 1788 in
1144 1763 1229 1801 gen.
1246 1753 1350 1800 syn.‚
1375 1764 1468 1799 quae
1487 1752 1584 1789 ratio

69 1813 137 1848 per
164 1799 199 1835 se
221 1797 414 1845 procedit,
450 1800 638 1847 habetque
657 1800 748 1842 hoc,
777 1813 818 1837 νε
834 1801 937 1837 subst.
960 1801 1135 1849 iungatur
1153 1813 1240 1838 cum
1263 1800 1356 1844 adi„
1394 1801 1457 1838 sed
1479 1800 1588 1838 fimul.

71 1860 158 1885 cum
180 1848 252 1884 adi.
269 1859 308 1884 et
327 1847 431 1884 subst.
451 1848 489 1884 in
510 1859 615 1895 gen.;
649 1861 719 1896 pro
742 1851 902 1897 quibus,
935 1849 1058 1888 Nostri
1080 1850 1229 1898 copiam
1252 1863 1331 1888 non
1353 1851 1588 1899 aspernatus,

71 1898 175 1946 quod
196 1906 234 1932 ct
254 1896 460 1933 vernacula
481 1898 683 1942 ass‘equatur
699 1898 849 1946 lingua,
883 1912 1030 1948 quorum
1048 1899 1112 1936 alii
1130 1900 1268 1948 quidem
1288 1900 1441 1949 longius
1461 1901 1590 1936 habue-

74 1955 162 1984 runt
181 1945 404 1994 imperium,
429 1946 496 1981 alii
514 1959 607 1982 vero
629 1947 744 1982 breuis
762 1948 944 1995 temporis
962 1949 1141 1997 regimen,
1169 1950 1434 1998 principatum.
1462 1949 1589 1985 domi-

74 2007 204 2034 natum
220 2008 229 2036 ;
258 1995 492 2031 vsurusidem
506 1996 585 2031 Lat.
597 1997 835 2043 temporarius
850 2022 858 2037 ,
880 2008 921 2033 vt
936 1997 1103 2045 propiori
1115 2018 1126 2035 ‚
1147 1997 1260 2034 etiam
1272 2011 1330 2046 ap.
1342 2000 1390 2035 G.
1413 1999 1489 2036 Th.
1501 2010 1589 2035 cum

75 2047 147 2086 Gr,
169 2057 231 2084 n..
252 2056 295 2080 νε
313 2046 379 2082 δον.
397 2041 458 2080 hic
488 2044 631 2098 accipio
654 2057 721 2092 pro
742 2047 820 2093 syn.
842 2058 895 2092 pr.
914 2050 1020 2092 flexu
1052 2045 1099 2083 cf.
1117 2047 1150 2094 §.
1175 2060 1231 2094 pr.
1254 2048 1300 2089 i..
1326 2049 1413 2084 Sch.
1438 2048 1476 2084 in
1506 2052 1592 2090 „in

77 2093 222 2132 diutius
247 2105 391 2142 regere,
420 2094 580 2142 (phralin
603 2095 665 2131 Gr.
694 2095 908 2132 resoluente
929 2096 1025 2132 bene
1044 2095 1082 2132 in
1106 2109 1140 2131 v.
1159 2096 1328 2143 prinum.
1361 2097 1406 2132 ad
1428 2097 1590 2137 sensum.

75 2155 260 2184 retentam
288 2145 342 2190 in)
364 2147 444 2187 ἔσχ.
467 2143 713 2180 obtinuerunt
731 2145 941 2192 imperiumu
972 2158 992 2182 e
1010 2146 1049 2183 P.
1069 2144 1201 2192 partim
1214 2171 1226 2188 ‚
1254 2146 1308 2182 vti
1319 2147 1382 2183 Sb.
1397 2146 1477 2184 lnd.
1492 2159 1526 2183 v.
1536 2150 1592 2184 ἐπ.

77 2192 204 2232 reddit
224 2193 356 2230 eodem
377 2193 457 2228 Lat.
471 2217 481 2233 ,
504 2205 579 2241 quo
603 2193 640 2229 in
661 2194 710 2229 N.
731 2206 830 2238 ante,
858 2193 1039 2231 inclinans
1059 2194 1154 2232 adeo
1173 2193 1212 2231 in
1236 2195 1319 2232 adu.
1333 2221 1344 2236 ,
1368 2209 1417 2233 ne
1435 2195 1594 2233 noscen-

78 2254 119 2280 te
139 2242 291 2290 quidem
311 2243 392 2288 Stp.
413 2241 487 2278 Th.
510 2244 661 2290 gradum
680 2243 783 2279 hunc
811 2244 882 2280 adi.
907 2256 1132 2291 comparat„
1165 2243 1231 2290 (cf.
1253 2245 1334 2282 lnd.
1352 2247 1441 2282 Luc.
1464 2247 1593 2294 Geop.

80 2304 122 2330 et
139 2293 205 2330 Gs.
224 2291 312 2328 Chr.
329 2291 421 2332 Gr„
449 2292 514 2328 vbi
537 2293 614 2328 Lat.
634 2294 780 2341 longus,
806 2304 918 2341 atque
935 2295 1028 2330 adeo
1049 2305 1116 2340 pro
1135 2291 1253 2340 limpl.
1268 2308 1350 2332 cum
1361 2297 1444 2344 Bg.)
1463 2305 1502 2331 et
1513 2305 1596 2331 tan-

81 2353 163 2378 tum
194 2341 233 2377 in
261 2343 328 2378 δυν.
355 2349 514 2377 tenente
537 2341 736 2379 formulam
761 2342 918 2380 eandem
949 2356 993 2379 ex
1021 2343 1131 2379 Isocr.
1151 2344 1228 2385 τούς
1255 2349 1320 2386 τὰς
1351 2341 1595 2390 δυν.ἔχοντας,

80 2389 147 2429 fed
169 2405 227 2437 πρ.
258 2390 550 2438 „tempor-arius,
577 2393 622 2428 ad
641 2403 787 2439 tempus
814 2392 949 2430 durans
975 2391 1122 2434 „modo
1140 2405 1162 2430 e
1180 2395 1230 2431 Ν.
1242 2395 1291 2431 Τ.
1309 2405 1349 2431 et
1372 2394 1488 2435 Naz.‚
1516 2405 1595 2441 quo

83 2441 132 2477 de
150 2439 198 2476 cf.
216 2439 261 2476 ad
277 2439 419 2476 Thom.
433 2440 485 2476 M.
509 2449 641 2487 P·728·
661 2441 756 2483 N.8.
775 2443 922 2484 et,Luc.
941 2452 972 2490 3,
995 2441 1113 2490 5133i.
1130 2441 1206 2480 fine
1226 2444 1306 2482 lnd.
1333 2444 1428 2481 Mox
1446 2442 1598 2482 intio-3*

83 2490 151 2539 Bg.
173 2501 257 2525 cum
277 2489 339 2531 Ρ..
362 2498 404 2525 νε
424 2489 457 2538 §.
479 2499 510 2535 3.
530 2488 556 2527 i.
610 2496 613 2499 ⁴

135 2543 301 2584 ῦφημέςου
320 2539 374 2584 μ.)
400 2539 502 2581 ,Οευε
522 2538 612 2574 haec
630 2539 895 2577 declamatorie
914 2551 954 2577 et
975 2539 1025 2576 ita
1045 2539 1137 2578 dista
1154 2541 1223 2579 effe
1243 2553 1367 2592 putes.
1394 2540 1492 2590 quafi
1505 2543 1597 2579 haec

85 2600 219 2626 eorum
239 2588 293 2623 vis
313 2587 421 2629 esset,
455 2590 512 2634 (vt
538 2589 572 2624 P.
594 2591 786 2631 verterat‚)
812 2588 990 2626 nonnulli
1009 2600 1126 2628 autem
1147 2591 1301 2629 vixdum
1327 2592 1420 2629 inito
1438 2591 1601 2633 honore.

86 2639 386 2687 imperatoresque
402 2638 584 2673 duntaxat
604 2638 802 2685 appellati,
837 2642 950 2676 eodem
970 2639 1035 2676 illo
1049 2663 1061 2682 ,
1091 2652 1157 2689 quo
1177 2640 1410 2691 susceperant
1427 2642 1505 2683 die,
1530 2641 1598 2677 im-

90 2686 233 2731 perium
255 2686 460 2734 amiserunt.
510 2687 608 2723 Nam
629 2700 671 2724 ex
691 2688 848 2725 Herodi.
870 2689 950 2736 ipso
970 2688 1054 2726 satis
1079 2689 1323 2739 intelligitur,
1354 2703 1399 2728 ex
1423 2690 1602 2727 omnibus

91 2735 399 2783 imperatoribus,
424 2737 471 2773 de
488 2748 648 2784 quorum
668 2738 742 2773 vita
761 2739 942 2785 exponit,
968 2738 1117 2777 nullum
1134 2739 1264 2785 fuiffe,
1288 2739 1383 2791 quin
1410 2750 1511 2777 certe
1539 2739 1604 2777 ali-
