1772 3158
158 119 293 164 ,722
335 104 557 152 LIBERI.
601 103 879 150 CARXVII.
916 105 971 150 A.
992 103 1050 150 V.
1073 101 1262 160 0945.
1303 104 1663 162 CHR.N.192.

190 215 707 282 ,,τοο-ούτωνὴιὲεσ-χᾶμην;
747 217 856 265 ἀλλ’
881 218 929 264 οὐ
962 217 1120 268 leratae
1140 219 1170 269 ⁴?
1241 216 1332 268 Sed
1376 216 1493 269 haud
1540 221 1704 289 impune

189 292 540 362 ,,καταπξοῖξῃὶ
581 290 715 347 αὐτὸς
748 291 926 357 μεθύων
962 292 1157 363 illuseris,
1212 292 1300 363 quse
1337 294 1598 356 temulentus,
1660 299 1704 346 in

193 366 439 433 υνηφούσης
461 365 708 433 γυναικός.“
766 368 930 415 Ταῦτα
976 387 993 416 1
1014 387 1053 420 1.
1059 367 1258 438 sobriam
1270 366 1496 421 nmlierem.
1563 371 1703 430 Haec,

286 501 314 546 ἰ)
339 500 415 533 Sine
432 501 504 532 Iota
522 498 643 532 subscr.
664 498 698 531 in
718 499 773 531 Bc.
793 497 858 537 al..
892 506 929 531 ut
944 498 1017 541 post
1039 499 1108 532 ηδτ.
1133 505 1265 531 comma
1283 497 1318 529 in
1338 497 1404 530 01.
1425 498 1492 536 ab,
1523 505 1557 530 at
1584 497 1618 531 in
1635 497 1702 532 Ms.

191 548 249 589 ng.
267 547 332 579 alia
345 554 507 578 commata
519 565 531 582 ,
556 555 586 577 v.
596 545 644 578 N.

192 658 305 707 pers„
329 670 400 705 qua
420 655 489 698 dc,
514 656 577 693 hic
596 656 714 693 aSch.
733 655 873 697 sumta,
898 653 946 691 cf.
962 655 1053 693 Luc.
1077 665 1110 697 π,
1130 658 1187 698 96.
1207 657 1304 702 l.43.
1324 654 1368 692 1...
1390 653 1439 691 N.
1457 653 1505 691 T.
1526 653 1702 704 Kypka.

193 719 310 756 93.m.
328 717 367 743 et
389 707 524 742 Loesn.
543 706 645 747 lnd.‚
672 716 834 753 quorum
853 705 934 740 loca
954 717 975 741 e
993 706 1102 742 Dem.
1120 704 1265 753 ignorat
1283 705 1364 740 lnd.
1377 729 1386 745 ,
1413 715 1455 739 ut
1468 714 1506 739 et
1517 704 1608 740 haec
1618 715 1704 749 755,

196 769 230 794 1.
258 767 344 801 990,
364 768 421 793 21.
450 758 535 800 614,
552 766 607 798 ¹7·
627 760 691 796 τὰς
711 751 820 800 ὕβρεις
839 752 1030 798 ἠνέσχεσθε
1045 758 1108 796 τὰς
1120 749 1254 794 τούτου,
1278 752 1427 801 qualem
1445 764 1519 788 aec.
1533 753 1599 794 rei,
1620 755 1705 798 (ob-

193 806 297 846 vium
315 815 353 842 et
371 803 410 840 in
434 803 510 840 lnd.
530 805 625 841 Xen.
644 805 730 848 Cyt.
748 804 790 839 Z.
806 827 817 844 ‚
845 803 910 849 ubi
934 814 973 839 et
995 813 1069 837 acc.
1093 801 1205 849 peril,
1240 812 1283 838 ut
1303 801 1342 837 in
1363 801 1445 837 Pol.
1460 814 1493 838 v.
1511 814 1596 838 eum
1617 814 1706 849 par-

194 854 299 901 ticip.
314 879 325 893 ‚
362 852 410 888 cf.
431 852 541 888 Bach.
561 863 599 889 et
615 853 729 889 Mem.
748 853 802 894 S.)
823 863 977 900 quoque
998 851 1149 893 statuas,
1180 849 1206 886 fi
1223 849 1436 898 legitimum
1456 847 1493 892 ἢν
1512 849 1628 887 fuerit
1646 861 1705 885 ac-

196 902 476 940 commodatum
493 900 537 936 ad
555 900 678 938 casum
702 900 836 948 prioris
856 899 1012 937 membri
1036 911 1101 947 per
1128 898 1340 948 enallagen,
1375 898 1421 934 cf.
1442 896 1527 948 vig.
1548 911 1584 946 p.
1605 910 1662 946 32·
1679 898 1706 935 i.

196 965 282 989 cum
305 952 352 989 N.
372 961 410 987 et
431 950 483 986 Fi.
504 950 548 986 ad
560 950 669 986 Well.
689 961 726 997 p.
739 959 821 996 304.
834 961 867 985 e.
916 950 976 985 De
987 947 1220 986 distinffione
1233 947 1312 995 post
1331 947 1474 991 ducx„
1498 959 1609 996 quam
1621 959 1707 989 nos,

196 1001 310 1039 etiam
327 1010 415 1036 ante
433 1000 506 1037 Ms.
529 998 782 1035 austeritatem
795 1023 806 1040 ‚
832 996 1067 1038 dederamus.
1093 1010 1148 1033 res
1167 995 1334 1033 confesta
1353 995 1427 1035 est,
1453 1002 1537 1033 cum
1551 1008 1707 1034 contex-

195 1063 259 1087 tus
287 1050 439 1090 doceat,
481 1060 500 1083 a
522 1050 638 1085 ταῦτα
668 1047 757 1083 inde
779 1047 824 1083 ad
853 1047 970 1091 vino-54.
1002 1047 1212 1084 sermonem
1232 1045 1301 1082 effe
1329 1045 1370 1081 in
1391 1044 1706 1095 interrogatione,

197 1099 302 1137 cuius
322 1098 414 1133 adeo
437 1108 476 1134 et
496 1096 636 1145 signum
650 1095 765 1132 adesse
784 1095 907 1133 debet.

245 1148 324 1187 ἀλλ’
342 1149 379 1183 οὐ
401 1148 450 1190 κ.)
475 1146 596 1183 Leisn.
616 1145 660 1181 ad
682 1158 730 1182 m.
750 1145 824 1181 Ox.
855 1144 1007 1184 ,‚Schol.
1033 1142 1077 1180 ad
1098 1142 1207 1180 Arist.
1233 1142 1300 1191 Eq.
1322 1149 1436 1191 433.“
1462 1141 1546 1179 Sch.
1572 1141 1704 1183 „med-

195 1198 227 1236 ὁ.
249 1213 278 1234 κ.
297 1211 333 1239 γ.
351 1197 411 1232 Sb.
430 1208 511 1232 non
525 1195 747 1244 praevenies,
774 1204 816 1229 tu
828 1194 959 1235 ebrius.
980 1193 1137 1234 sobriam
1148 1193 1337 1229 mulierem.
1387 1191 1517 1229 Pol.—-
1539 1191 1707 1229 Verbum

195 1247 238 1284 in
262 1243 618 1281 comminationibus
638 1242 808 1280 usitatum
828 1241 878 1279 ita
898 1241 939 1278 in
960 1241 1032 1279 fut.
1054 1243 1121 1279 Gr.
1142 1239 1401 1289 scriptoribus,
1435 1252 1550 1288 quum
1572 1251 1706 1290 negare

195 1295 357 1334 volunt,
388 1291 544 1340 impune
564 1291 836 1340 progressurum
861 1290 1068 1338 susceptum
1095 1291 1290 1339 negotium
1311 1289 1484 1326 adversus
1509 1287 1707 1337 aliquem“

196 1344 240 1381 in
258 1354 336 1391 quo
357 1342 554 1378 notionem
575 1341 725 1388 quidem
745 1352 785 1376 ac
802 1352 880 1376 rem
898 1340 1042 1382 videas,
1076 1351 1156 1375 non
1176 1339 1268 1376 itern
1286 1338 1507 1374 brevitatem
1529 1337 1569 1375 in
1589 1339 1708 1375 inter·

148 1407 150 1409 ’
195 1392 401 1441 pretando,
437 1403 546 1439 quam
570 1389 693 1426 tenuit
721 1391 784 1436 ssg.
813 1388 854 1424 in
882 1388 1043 1424 formula
1071 1389 1153 1430 sua,
1188 1400 1245 1434 ap.
1267 1388 1317 1423 G.
1342 1386 1415 1422 Th.
1445 1385 1649 1433 „decipere
1666 1396 1708 1423 et

193 1438 462 1478 circumvenire
482 1437 599 1476 veluti
621 1438 787 1476 ludendo
800 1461 812 1478 ,
832 1457 869 1465 —
898 1438 985 1474 Ter.
1003 1437 1100 1473 Eun.
1121 1448 1155 1480 ς,
1176 1450 1210 1483 4.
1228 1449 1262 1472 e.
1282 1444 1322 1472 ut
1342 1447 1386 1471 ne
1404 1435 1560 1482 impune
1572 1435 1612 1471 in
1634 1446 1706 1471 nos

195 1490 381 1539 illuseriff‘
409 1497 543 1536 agente
562 1489 640 1534 Stp.
659 1488 699 1524 in
719 1500 767 1523 m.
786 1486 825 1522 Ρ.
846 1485 1008 1534 plenius,
1033 1498 1142 1533 quam
1163 1484 1286 1522 inTh.
1308 1483 1479 1525 aliunde,
1504 1484 1552 1520 cf.
1566 1485 1603 1521 L.
1617 1485 1704 1521 Ern.

195 1539 265 1578 Nr.
279 1552 313 1585 4.
341 1540 406 1577 »οὗ
424 1538 643 1582 καταπροίξει
663 1548 730 1583 pro
748 1538 786 1571 οὐ
807 1535 1030 1581 καταπροίξῃ,
1054 1533 1152 1570 haud
1168 1535 1323 1581 impune
1341 1532 1503 1569 fecerisc‘
1530 1545 1596 1580 per
1610 1545 1706 1582 quae

194 1590 277 1626 Lar.
297 1598 338 1623 ut
358 1596 396 1622 te
417 1586 590 1633 expedias
609 1586 648 1621 in
668 1584 835 1621 restione
854 1595 939 1619 cum
959 1595 1067 1631 gem,
1103 1594 1123 1617 a
1143 1595 1266 1630 praep.
1288 1582 1328 1618 in
1347 1593 1380 1616 v.
1401 1582 1609 1628 pendente,
1623 1611 1625 1613 .
1641 1593 1707 1619 aut

194 1635 356 1674 mutabis
373 1647 456 1683 gen.
474 1634 514 1670 in
533 1636 627 1677 dat„
659 1646 692 1669 v.
714 1646 745 1669 c.
770 1634 866 1669 haud
884 1634 966 1679 imp.
993 1631 1127 1668 feceris
1149 1631 1291 1667 mulieri
1315 1630 1402 1667 mibi
1420 1630 1506 1671 rel.,
1541 1640 1602 1666 aut
1618 1641 1706 1668 cum

192 1689 274 1733 Stp.
294 1685 331 1720 in
352 1697 399 1720 m.
420 1685 456 1719 P.
478 1682 670 1720 adhibebis
681 1683 759 1719 Lat.
779 1681 939 1729 praepos.
951 1679 1121 1730 aa'vevfus
1132 1679 1316 1720 severam,
1343 1687 1386 1715 ut
1395 1678 1470 1726 syn.
1485 1680 1549 1726 Bg.
1562 1703 1576 1721 ‚
1597 1679 1706 1716 cuius

193 1735 290 1772 ratio
308 1746 387 1769 non
407 1732 519 1768 modo
547 1732 668 1780 quoad
690 1732 925 1768 notationem
940 1754 950 1771 ‚
991 1731 1110 1777 (quae
1136 1727 1288 1776 respicit
1308 1740 1393 1764 cum
1411 1727 1448 1763 L.
1471 1728 1559 1764 Em.
1585 1733 1705 1769 »κατὰ

192 1788 339 1830 προῖκα,
373 1782 501 1830 gratis,
537 1782 721 1829 impune«)
751 1779 812 1816 sed
844 1779 954 1816 etiarn
988 1777 1113 1826 quoad
1134 1780 1214 1814 Lat.
1236 1790 1271 1813 ν.
1296 1789 1336 1813 ct
1360 1775 1503 1813 sensum
1521 1779 1705 1813 convenit

193 1845 281 1870 cum
299 1831 484 1868 veteribus
505 1829 786 1870 Grammaticis,
821 1828 944 1864 schol.
967 1826 1073 1863 Arist.
1093 1828 1190 1864 Nub.
1211 1839 1243 1862 v.
1259 1830 1362 1871 1242.
1385 1826 1477 1873 Equ.
1498 1825 1522 1860 l.
1542 1826 1567 1862 l.
1597 1825 1706 1873 vesp.

193 1895 229 1918 v.
254 1889 359 1928 1387.
387 1880 539 1915 Thesm.
566 1892 600 1915 v.
623 1890 726 1925 573„
750 1877 813 1924 qui
831 1877 946 1912 modo
967 1876 1011 1912 ad
1031 1876 1138 1924 Vesp.
1159 1888 1192 1911 v.
1208 1885 1311 1921 1357.
1331 1875 1466 1917 tacuit.
1491 1874 1631 1911 Thom.
1646 1875 1703 1911 Μ.

194 1943 233 1979 p.
255 1934 339 1973 506.
354 1954 366 1971 ,
397 1929 461 1965 ubi
482 1930 531 1965 N.
548 1941 580 1974 ς.
606 1929 701 1968 „An
722 1924 921 1964 Nub.01⁷5roa
940 1927 1019 1971 ἐμοῦ
1040 1941 1072 1961 κ.
1098 1935 1333 1972 nequaquam
1351 1923 1490 1973 impune
1508 1935 1567 1961 me
1587 1922 1702 1973 illuse-

194 1980 280 2015 ris“
315 1978 397 2014 Hes.
420 1991 454 2020 2,
481 1986 559 2017 181.
594 1989 678 2013 cum
707 1977 755 2014 N.
788 1975 890 2012 Suid.
911 1989 945 2017 2,
964 1978 1044 2010 262.
1062 1987 1095 2010 e.
1111 1975 1190 2021 sqq.
1229 1974 1342 2022 Greg.
1368 1973 1415 2009 de
1440 1972 1526 2008 dial.
1546 1985 1584 2020 p.
1607 1985 1702 2018 252..

196 2027 331 2076 Spanh.
350 2027 395 2063 ad
414 2030 476 2064 Ar.
497 2027 546 2063 N.
567 2037 606 2063 et
624 2025 702 2063 Cas.
722 2025 765 2062 ad
783 2026 871 2072 Eq..
898 2024 942 2060 ad
953 2025 1206 2068 Herminius.
1224 2036 1258 2069 p.
1277 2033 1355 2066 175.
1375 2021 1446 2058 b0i.
1466 2021 1701 2058 Vocab.lon.

197 2090 235 2124 p.
260 2089 366 2123 14.a.
382 2090 415 2112 e.
443 2076 483 2112 it.
508 2085 539 2122 3,
564 2080 619 2122 36.
638 2088 671 2111 e.
692 2076 739 2111 N.
756 2085 813 2120 93.
834 2073 899 2109 ubi
927 2071 1141 2119 ,‚Ar.Vesp.
1160 2083 1194 2107 v.
1209 2079 1315 2117 1337.
1335 2072 1397 2118 ng.
1418 2081 1458 2106 tu
1470 2082 1548 2108 non
1566 2071 1703 2119 impune

194 2124 352 2163 illuseris
373 2125 567 2172 Myrtiae“
599 2137 633 2169 5,
658 2135 742 2169 105.
761 2124 811 2160 N.
838 2135 892 2166 ις.
929 2135 966 2167 7,
988 2133 1040 2166 ¹7-
1063 2121 1111 2158 N.
1128 2131 1183 2164 55.
1218 2119 1263 2155 ad
1287 2121 1409 2157 Moer.
1433 2132 1469 2167 p.
1491 2131 1571 2164 275.
1594 2121 1629 2156 b.
1651 2132 1699 2156 m.

193 2176 321 2220 Toup.
346 2174 391 2210 ad
410 2175 511 2211 Suid.
535 2175 619 2210 P.2.
641 2186 674 2217 p.
689 2177 743 2218 76.
757 2186 789 2209 e.
811 2183 849 2208 et
870 2171 934 2208 Hs.
955 2171 999 2207 ad
1018 2169 1112 2207 Plut.
1133 2183 1168 2217 p.
1184 2180 1264 2213 119.
1284 2183 1339 2211 c.,
1375 2168 1415 2204 in
1434 2168 1567 2215 quibus
1587 2179 1626 2205 et
1643 2169 1702 2206 in.

192 2223 322 2260 venias
349 2225 394 2259 de
421 2222 598 2271 scriptura
625 2222 701 2259 fine
726 2220 870 2268 punffis
895 2220 1044 2257 diaeret.
1075 2230 1114 2256 et
1136 2218 1262 2254 Attica
1290 2230 1356 2265 per
1380 2234 1408 2254 ει
1430 2217 1604 2254 finitione
1631 2230 1701 2265 pro

194 2271 385 2309 communi
406 2272 484 2313 hic,
512 2272 623 2308 etiam
644 2284 661 2306 a
682 2272 774 2308 Mss.
795 2268 907 2306 tacite
924 2269 1099 2317 probata,
1129 2269 1192 2304 ubi
1215 2266 1361 2309 sensuS,
1385 2278 1464 2303 non
1481 2264 1556 2302 {ine
1575 2278 1698 2314 poena

194 2319 359 2368 decipies
378 2334 459 2362 me,
492 2322 577 2357 dum
596 2320 688 2356 dicis
708 2319 914 2367 fingisque,
939 2330 998 2353 me
1017 2329 1035 2352 a
1060 2327 1099 2352 te
1118 2316 1250 2359 amari,
1277 2327 1348 2352 nec
1369 2327 1491 2352 tamen
1510 2328 1569 2351 me
1588 2327 1698 2358 amas,

192 2370 244 2407 ita
263 2370 308 2405 de
329 2382 388 2406 me
412 2370 593 2411 statuens,
630 2381 763 2416 meque
783 2367 915 2404 iubens
933 2365 1199 2407 occidendam3
1224 2364 1340 2401 libere
1361 2364 1534 2413 quidem,
1559 2375 1598 2400 at
1615 2377 1698 2402 nou

191 2420 287 2455 male
307 2419 509 2455 adhibente
527 2421 590 2467 Bg.
610 2417 682 2454 sut.
702 2415 927 2452 coniunstivi
952 2417 976 2451 s.
997 2413 1181 2454 exastum,
1216 2424 1350 2460 utpote
1376 2415 1415 2450 in
1437 2413 1700 2450 comminatio·

191 2481 242 2504 ne
266 2466 344 2503 fere
363 2482 381 2504 a
400 2470 478 2505 Lat.
498 2468 733 2514 usurpatum,
758 2465 858 2513 quod
871 2463 1076 2501 addiderim
1097 2464 1302 2509 praeceptis
1323 2461 1459 2499 Schell.
1477 2463 1524 2498 de
1546 2462 1637 2511 stylo
1659 2475 1696 2509 p.

192 2529 294 2557 171.,
321 2529 391 2553 nec
409 2519 504 2552 male
520 2516 762 2563 intelligente
774 2514 857 2551 Sch.
883 2519 947 2554 „ck-
972 2514 1012 2548 in
1033 2525 1050 2548 2
1076 2511 1165 2559 pers.
1185 2522 1225 2548 tu
1246 2512 1345 2561 ipse“
1370 2514 1597 2560 (quanquam
1616 2522 1695 2547 non

189 2564 253 2600 hic
271 2565 319 2601 est
338 2566 459 2602 severa
479 2563 688 2611 oppositio,
722 2575 801 2599 non
820 2563 998 2610 sequente
1017 2563 1127 2606 ἐμοῦ.)
1147 2559 1250 2607 quod
1270 2572 1378 2608 pron.
1392 2583 1404 2601 ‚
1440 2572 1460 2596 a
1477 2561 1518 2595 P.
1540 2559 1694 2606 oblique

187 2613 298 2648 etiam
319 2617 363 2650 ad
383 2628 415 2648 v.
443 2631 473 2651 κ.
492 2615 669 2656 relatum,
703 2615 766 2660 Bg.
784 2612 894 2648 traxit
912 2612 957 2648 ad
976 2610 1025 2658 sq.
1046 2609 1238 2657 particip..
1273 2609 1374 2657 quod
1401 2621 1461 2656 ap.
1481 2608 1528 2644 G.
1549 2608 1623 2643 Th.
1653 2608 1694 2643 in

184 2662 266 2698 Lat.
288 2663 426 2708 ebrius,
459 2673 502 2698 ut
530 2661 578 2699 ib.
605 2674 639 2698 v.
665 2663 790 2698 mulier
812 2660 908 2698 nihil
936 2673 1004 2709 pro
1024 2657 1254 2700 concubina,
1287 2670 1358 2694 nec
1382 2657 1423 2693 in
1443 2659 1510 2694 Gr.
1531 2668 1589 2702 ap.
1612 2657 1695 2704 Stp.

182 2712 259 2748 Th.
270 2735 282 2755 ,
316 2711 382 2759 qui
400 2712 514 2749 modo
534 2709 574 2750 in
593 2723 626 2750 v.
644 2720 721 2759 νηφ.
741 2709 910 2759 (proprie
928 2710 992 2748 hic
1011 2707 1162 2747 valente
1173 2719 1218 2745 ex
1236 2707 1380 2756 oppos.)
1399 2715 1504 2744 tenet
1521 2703 1691 2744 similiter

1770 71 1772 113 4
