1772 3158
146 186 316 232 LIBER
337 186 373 230 Ι.
417 181 686 248 CAR-VIII.
723 183 844 226 A-V.
868 182 916 227 C.
943 191 1064 238 933.
1107 180 1244 245 CHR-
1266 181 1331 228 N.
1358 185 1473 231 180.
1516 193 1616 239 293

107 304 256 354 ἐνποῖς
273 298 481 369 &eirenae
501 308 553 359 ²„
573 295 651 345 καὶ
683 291 732 344 τὸ
756 296 845 365 πῦξ
880 303 958 348 tris
983 338 995 358 ‚
1062 311 1106 348 et
1164 303 1279 362 ignis
1339 304 1384 348 in
1446 319 1617 367 pompa

193 415 225 450 2)
250 413 285 444 ln
305 409 368 443 Ms.
385 409 440 443 Ba.
459 406 559 440 verba
577 407 608 438 lv
622 410 685 443 τοῖς
704 407 839 448 suarem
862 404 1116 440 desunt.Mart.
1139 405 1240 438 etiam
1259 404 1293 437 in
1314 407 1392 438 Mss.
1412 407 1495 443 rel„
1521 407 1611 439 v.N.

105 511 304 550 augmento
320 525 331 541 ,
365 509 508 546 praeter
532 509 564 538 1,
587 506 691 544 1333.
712 498 750 533 B.
770 510 804 533 e.
830 495 897 538 „in
918 496 1022 543 impf.
1047 497 1096 534 dr.
1119 497 1228 533 etiam
1250 499 1421 538 ἐκάθηντο.
1486 495 1614 531 Utitur

104 562 227 587 autem
247 563 292 586 eo
310 549 456 589 Thuc.,
483 558 525 583 ut
542 549 589 592 τῷ
609 551 756 587 καθῆντο
774 547 912 583 Dem.¹‘
934 546 982 582 cf.
1006 549 1044 583 E.
1067 547 1090 583 i.
1111 559 1147 583 et
1169 548 1209 584 R.
1229 549 1294 582 Or.
1319 547 1359 580 V.
1383 561 1408 580 ι.
1435 556 1516 590 235.
1540 556 1610 585 22..

101 599 164 637 ubi
185 599 226 636 in
245 610 349 635 textu
370 599 537 639 κάθηντο.
563 595 623 631 sed
646 595 726 643 lud.
741 598 837 634 ἐκαθ.
851 621 862 637 ,
889 595 1009 633 rursus
1030 598 1074 635 V.
1088 609 1120 641 9.
1142 608 1177 642 p.
1197 609 1279 637 207.
1293 608 1341 631 m.
1368 597 1544 636 ,καθῆντο
1555 612 1609 634 -,

100 655 175 687 ivri
201 650 265 685 τοῦ
286 650 476 690 ἐκάθηντο,
512 645 659 682 WVolfJ‘
694 646 757 682 ubi
778 646 886 694 Tayl.
925 649 1081 689 „ansieo
1111 650 1302 692 (κάλλιον,
1344 638 1362 688 τ’)
1394 647 1540 686 ἐκάθητο
1570 653 1607 679 λ·

98 694 237 734 Thom.
261 697 340 733 M.¹‘
374 694 423 731 cf.
448 697 491 732 ad
509 697 620 731 Dem.
649 704 735 740 285,
760 707 792 730 2.
823 698 953 736 καθῆτο
977 696 1026 731 V.
1049 708 1082 739 9.
1112 709 1145 743 p.
1169 707 1250 739 277.
1273 695 1296 730 i.
1331 696 1489 736 „milas-o
1511 695 1608 739 Aug.

98 747 212 794 Regg.
231 766 268 774 -
292 749 422 789 κάθητο
441 745 536 782 cod.
555 751 620 789 γ.“
648 757 686 781 et
710 744 756 781 ad
776 754 863 791 300,
884 748 941 783 26.
963 745 1008 782 V.
1022 758 1053 789 9.
1074 756 1248 792 p.291.e.
1278 743 1379 780 Harl.
1401 755 1436 790 p.
1455 743 1544 777 Cor.
1571 752 1608 787 p.

102 807 181 832 κει.
201 795 320 839 N.75.
344 804 426 840 380.
449 808 480 830 e.
502 795 551 831 N.
573 806 636 839 47·
669 805 752 840 449.
774 795 915 835 N.82.‚
952 793 994 830 ad
1025 794 1162 831 Thom.
1190 795 1238 829 Μ.
1272 804 1304 840 ρ.
1332 802 1414 839 485·
1436 804 1454 826 a
1497 790 1543 825 Ν.
1561 801 1608 832 1.,

96 844 157 880 ubi
178 855 216 880 et
239 845 361 881 Nostri
381 844 488 881 locus
507 843 568 879 hic
592 843 796 884 adhibitum
820 843 924 880 Suid.
947 856 983 884 2,
1001 855 1082 890 223.
1102 857 1151 879 m.
1174 844 1359 886 καθῆσθαι.
1385 848 1440 878 καὶ
1463 839 1607 883 radin,

91 896 280 941 δκαθέζετο
295 918 305 934 ,
326 893 472 940 sedere,
491 912 528 921 ···
548 891 716 941 sedebat,
749 891 824 929 fine
843 889 984 940 χρήσει,
1013 906 1090 929 non
1112 893 1195 929 coll.
1217 891 1262 927 ad
1283 890 1368 928 Hes.
1392 903 1425 933 2,
1453 901 1529 932 ιος.
1552 901 1606 926 m.

91 943 159 980 Nr.
177 955 233 986 7.,
260 955 342 979 tum
363 943 409 979 de
429 954 485 983 ν.,
509 942 632 990 quoad
652 942 878 984 restionem,
916 953 999 978 cum
1021 954 1075 989 pr.
1098 947 1152 979 ε’τὶ
1182 954 1221 977 et
1242 940 1384 987 triplici
1405 938 1508 994 casu,
1544 942 1605 994 ἐξτί

91 1007 192 1034 τινος,
212 1014 252 1021 --
276 999 353 1032 τινὶ,
371 1011 409 1020 -
433 999 486 1033 τὶ,
512 992 600 1027 Abr.
617 991 696 1028 Dil.
719 991 791 1026 Th.
813 1004 846 1037 p.
860 1001 940 1037 398.
962 1004 1034 1032 m...
1063 991 1124 1027 ubi
1146 1003 1166 1026 e
1183 990 1297 1027 Diod.
1315 990 1351 1024 S.
1373 987 1490 1025 simile
1509 986 1607 1045 qul-d»

88 1042 236 1085 nostro,
262 1043 461 1083 καθίσαντος
482 1042 587 1086 adrosa
605 1044 657 1078 ἐπὶ
678 1039 735 1078 τδν
750 1039 918 1085 βασιλικὸν
938 1042 1018 1085 99„
1044 1052 1089 1076 ex
1110 1053 1142 1079 2,
1166 1051 1207 1075 21
1221 1051 1249 1075 ι.
1270 1038 1292 1074 l.
1307 1049 1366 1076 20.
1392 1039 1431 1073 in
1450 1047 1549 1086 regia
1568 1047 1602 1073 τε

88 1090 173 1127 sella
192 1089 417 1139 confide-rat,
444 1102 510 1138 pro
535 1101 610 1137 quo
631 1089 654 1124 l.
668 1100 726 1136 23·
750 1101 807 1133 27.
829 1100 888 1135 43.
908 1088 1124 1136 simpliciter
1139 1091 1222 1136 ἃμ,
1247 1087 1286 1124 in
1311 1089 1375 1123 Vs.
1401 1097 1525 1123 tamen
1545 1097 1609 1127 req

82 1140 151 1188 gia
165 1141 274 1186 sella,
300 1139 342 1175 it.
368 1151 454 1178 cum
474 1141 560 1186 Eg..
586 1150 700 1185 porro
720 1151 756 1174 v.
777 1155 808 1176 ιι.
832 1139 983 1185 tropico
1005 1138 1107 1174 sensu
1127 1140 1207 1175 Ind.
1229 1139 1270 1174 Ζ.
1292 1137 1388 1173 Xen.
1412 1137 1497 1185 Cyr.
1518 1135 1601 1172 Pol.

86 1200 126 1225 et
155 1191 287 1229 Bach„
325 1187 387 1225 sed
415 1201 473 1236 ap.
493 1188 542 1223 G.
563 1187 701 1224 Th.-in
723 1201 758 1224 v.
779 1190 840 1237 Bg.
868 1199 954 1223 cum
976 1188 1040 1224 Gr.
1061 1201 1099 1224 n.
1129 1185 1318 1234 compos..
1353 1183 1415 1221 sed
1444 1196 1483 1221 et
1511 1196 1602 1222 cum

86 1232 204 1284 simpl.
223 1236 303 1281 ἧμαι
321 1258 358 1265 --
382 1234 526 1284 ἕξομαι,
565 1249 631 1284 pro
650 1249 724 1285 quo
745 1236 861 1284 fimpl.
883 1237 996 1273 etiam
1014 1237 1177 1274 nostrum
1199 1249 1233 1272 v.
1258 1235 1377 1272 valeat
1391 1259 1402 1275 .
1438 1233 1502 1271 etsi
1531 1244 1602 1282 pet

85 1287 124 1324 se
142 1299 196 1335 pr.
217 1291 305 1328 κκτὰ
323 1287 443 1333 potest
460 1287 619 1324 innuere
639 1297 785 1324 motum
808 1285 996 1336 physicum
1018 1300 1039 1322 e
1059 1284 1238 1335 superiori
1259 1284 1303 1321 ad
1321 1283 1501 1326 inferius,
1529 1290 1600 1320 no‘-

84 1337 229 1382 bisſsch
246 1333 510 1383 nicderfi’tzen
523 1359 534 1378 ,
563 1335 609 1372 cf.
628 1337 670 1373 Ζ.
691 1336 735 1372 ad
756 1336 841 1384 Vig.
860 1349 894 1384 p.
915 1340 996 1380 619.
1017 1349 1047 1372 a.
1066 1334 1092 1372 i.
1115 1337 1183 1373 Nr.
1199 1348 1231 1371 2.
1245 1361 1258 1378 ,
1295 1333 1334 1371 in
1355 1345 1432 1381 quo
1451 1333 1496 1371 fit
1515 1332 1598 1370 Lat.

81 1387 212 1433 desideo
235 1398 273 1421 et
291 1385 425 1431 defid0‚
453 1397 615 1434 quorum
637 1386 710 1421 hoc
727 1385 838 1434 postr.
874 1386 988 1422 modo
1015 1399 1070 1433 ap.
1092 1385 1139 1422 G.
1161 1384 1234 1421 Th.
1263 1382 1339 1420 fine
1361 1385 1425 1420 Gr.
1453 1381 1501 1419 fic
1528 1381 1599 1424 dn,

81 1435 132 1471 ef.
150 1434 191 1471 in
211 1448 289 1471 rern
307 1435 445 1482 Spanh.
466 1436 513 1472 de
534 1436 591 1471 Pr.
613 1445 653 1471 et
669 1448 703 1471 u.
725 1447 762 1471 n.
784 1447 818 1476 2,
837 1439 921 1479 269.
942 1447 975 1473 e.
1010 1435 1178 1479 „illustre
1198 1434 1311 1470 huius
1329 1434 1382 1470 rei
1408 1452 1445 1462 --
1471 1443 1600 1487 exem:

81 1485 187 1541 plum
209 1484 249 1520 in
271 1484 411 1522 Lucilla
443 1483 611 1520 observat
635 1485 814 1528 Heu-odi„
849 1497 945 1534 quae
966 1496 1083 1533 quum
1113 1484 1234 1531 primo
1253 1483 1294 1521 L.
1319 1483 1443 1525 Vero,
1481 1483 1599 1519 Marca

80 1546 121 1570 in
142 1533 300 1581 imperio
322 1534 511 1582 Collegae,
537 1535 625 1571 dein
648 1533 792 1581 privato
814 1533 1042 1582 Pompeiano
1061 1535 1161 1570 foret
1178 1544 1310 1579 nupta,
1333 1531 1457 1581 sellam
1469 1542 1597 1568 tamen

80 1583 354 1630 Imperatoriam
376 1583 541 1631 aliosque
562 1583 703 1630 priores
723 1583 906 1632 Augustae
924 1585 1090 1624 bonores.
1120 1581 1321 1620 Commodi
1345 1581 1595 1634 indulgentia!

81 1631 247 1668 retinuit.
307 1631 418 1668 Unde
446 1644 599 1681 quoque
628 1633 757 1670 eadem
785 1643 951 1676 mortua,
997 1633 1107 1670 instar
1139 1631 1345 1681 Augustae,
1390 1631 1594 1673 consecrari

81 1681 241 1722 meruit,
267 1693 311 1717 ut
330 1694 375 1719 ex
395 1682 472 1718 eius
493 1681 616 1718 numis
640 1695 721 1719 cum
741 1681 849 1719 solita
869 1683 990 1719 Divae
1007 1682 1260 1731 appellatione
1287 1681 1407 1718 adhuc
1432 1680 1595 1727 liquet.“

128 1736 182 1766 ,αἱ
201 1729 242 1765 τδ
261 1731 346 1775 πῦρ)
375 1731 433 1765 De
449 1730 546 1779 igni.
573 1730 732 1779 augustis
752 1731 928 1776 praeferri
948 1732 1071 1769 solito.
1097 1745 1129 1767 v.
1142 1733 1265 1768 Turn.
1282 1731 1378 1768 Adv.
1399 1730 1422 1766 l.
1439 1742 1467 1767 ι,
1485 1742 1514 1764 c.
1531 1740 1592 1773 29.

81 1778 173 1826 sylb.
219 1778 304 1826 Egit
324 1778 369 1814 de
390 1779 460 1815 illis
482 1780 673 1827 insignibus
692 1781 924 1827 Principatus
943 1780 1039 1827 Lips.
1068 1782 1112 1816 ad
1141 1795 1151 1816 ι
1171 1781 1216 1818 Α.
1239 1781 1378 1824 Tae.7‚
1401 1791 1433 1824 5.
1464 1779 1593 1828 ignem

81 1827 194 1864 etiam
215 1826 313 1863 inter
333 1825 487 1875 inlignia
513 1828 769 1874 imperatoriae
792 1829 985 1865 maiestatis
1004 1829 1107 1865 fuiss'c
1128 1830 1189 1866 vel
1211 1829 1468 1876 praecipuum,
1494 1839 1592 1865 unus

81 1889 124 1914 ex
143 1875 326 1929 antiquis.
355 1875 503 1912 diversis
527 1875 642 1918 locis,
679 1877 792 1914 docet
818 1889 889 1913 nos
906 1879 1165 1918 Herodianus,
1200 1879 1326 1924 inquit
1345 1878 1424 1915 Cas.
1450 1877 1493 1913 ad
1525 1877 1594 1914 ca-

78 1926 302 2012 mam?
304 1937 359 2010 2¹13
374 1927 513 2010 151¹..;.·.²1'.
533 1936 704 2024 ξέιέἓὸξῗ.
725 1927 831 2021 ΜΖ
850 1938 915 2012 ist.
940 1927 1325 2026 sslstjtgzssizsszfijzff
1347 1926 1593 2024 Εὀἴζςῖἑὲὲῗέ

78 2024 164 2061 huic
185 2023 353 2071 symbolo
370 2023 464 2071 ignis
486 2023 594 2060 variis
613 2024 832 2061 rationibus.
884 2026 981 2061 Nam
1004 2037 1043 2061 et
1061 2024 1300 2062 divinitatem
1318 2025 1449 2074 regalis
1471 2024 1591 2071 impe·

78 2073 122 2110 rii
144 2083 279 2113 notat3
316 2072 459 2120 quippe
486 2085 593 2113 cum,
629 2073 883 2122 antiquissimo
912 2073 1096 2110 Persarum
1128 2087 1255 2116 more,
1291 2075 1350 2112 dei
1380 2073 1590 2123 symbolum

77 2121 176 2171 ignis
194 2119 304 2164 effet;
344 2131 385 2158 et
402 2122 606 2159 claritatem
627 2120 756 2172 fastigii
778 2122 1049 2173 dignitatisque
1080 2123 1213 2172 regalis
1244 2123 1430 2160 clariffima
1452 2120 1591 2172 fignifi-

77 2171 228 2210 catione
247 2169 407 2212 indicat;
441 2182 479 2207 et
507 2171 833 2218 incomparabilem
858 2171 957 2209 astus
988 2172 1118 2220 regalis
1146 2173 1221 2209 vim
1249 2172 1592 2222 salubritatemque,

77 2219 123 2257 ad
142 2219 250 2256 instar
269 2219 424 2257 efficacis
446 2232 484 2256 et
503 2219 657 2257 benefici
679 2219 825 2262 sideris,
859 2221 1043 2262 ostendit;
1078 2232 1116 2258 et
1143 2233 1269 2268 puram
1302 2221 1482 2259 virtutem
1508 2235 1591 2260 mo-

74 2281 229 2316 remque
247 2269 418 2319 regalem,
447 2269 683 2318 purgatiliimi
700 2269 880 2307 elementi
901 2270 1107 2308 charaftere
1125 2270 1261 2320 signam
1286 2270 1461 2319 denique,
1482 2272 1591 2320 quid-

76 2318 169 2366 quid
192 2318 235 2354 ad
258 2318 470 2367 praecipuas
489 2319 634 2368 imperii
655 2323 778 2366 ἐξοχὰς
801 2320 861 2356 vel
881 2332 924 2356 ex
943 2319 1198 2368 philosophiae
1219 2319 1372 2363 arcanis,
1395 2322 1453 2357 vel
1473 2335 1518 2359 ex
1533 2333 1590 2359 re-

73 2368 265 2404 verentiae
284 2380 324 2405 et
343 2367 511 2416 obsequii
535 2368 698 2407 inventis
720 2367 843 2406 afferri
866 2368 984 2410 solet,
1013 2369 1297 2417 comparatione
1317 2369 1414 2418 ignis
1434 2370 1589 2409 illustra·

70 2414 104 2452 ri
128 2414 258 2464 potest.
310 2418 393 2454 Nec
415 2417 648 2455 disconvenit
673 2419 716 2456 τδ
736 2418 912 2464 μοναδικᾶν
943 2418 1051 2459 solis,
1088 2419 1132 2454 ad
1163 2431 1275 2466 quem
1303 2420 1588 2469 hieroglyphice

70 2477 240 2503 veterum
260 2465 436 2513 sapientia
455 2466 578 2502 omnia
601 2467 648 2506 de
667 2467 754 2515 igne
771 2465 1035 2514 φιλοσοφῆμκται
1056 2467 1194 2515 pariter
1209 2479 1251 2504 ac
1271 2466 1425 2512 νοήματα
1446 2470 1589 2516 retulit¹

7 2508 11 2512 ⁴
70 2521 118 2561 τῷ
137 2518 323 2562 μσναςχικῷ
343 2519 403 2559 τῆς
424 2522 609 2563 βασιλείας.
667 2517 714 2554 Et
733 2516 838 2565 quod
862 2517 988 2554 Persae
1010 2519 1057 2554 de
1076 2517 1185 2554 coelo
1206 2517 1347 2567 lapsum
1367 2518 1589 2567 ignemffin'-

71 2565 216 2606 xerunt,
243 2577 353 2612 quain
366 2565 690 2603 accommodatum
700 2565 749 2602 est
765 2567 811 2603 ad
824 2565 1001 2607 divinam,
1029 2579 1047 2602 a
1067 2567 1215 2615 deoque
1234 2568 1369 2611 datam,
1395 2569 1532 2618 deique
1545 2568 1586 2606 in

71 2612 178 2649 terris
201 2613 369 2651 vicariam
391 2626 520 2663 regum
542 2614 786 2653 maiestatem!
826 2616 886 2652 De
906 2626 1053 2652 caetero
1080 2628 1158 2652 non
1178 2615 1332 2654 absurde
1352 2617 1586 2666 cogitaverit.

71 2663 133 2747 qui
156 2663 376 2705 crediderit,
404 2666 591 2701 Romanos
610 2664 656 2700 de
676 2665 830 2702 occulto
847 2663 1047 2712 praecipuo
1081 2677 1127 2701 ue
1148 2665 1294 2712 imperii
1312 2666 1483 2715 pignore,
1512 2667 1537 2703 i.
1550 2681 1584 2705 e.

77 2711 79 2716 ’
99 2725 118 2749 c
137 2711 244 2748 Vesta
265 2713 459 2763 cogitasse,
494 2725 578 2751 cum
599 2713 724 2762 ignem
744 2714 1030 2761 imperatoribus
1066 2714 1123 2751 uis
1142 2714 1295 2762 auspicii
1326 2714 1516 2765 singularis
1543 2729 1584 2753 ac

68 2759 189 2798 fatalis
208 2773 322 2811 ergo,
349 2774 392 2799 ut
416 2763 662 2810 opinabantur
683 2764 730 2800 de
753 2762 886 2800 Vestali
905 2763 1014 2812 igne,
1051 2763 1293 2811 praeferrent.
1312 2765 1423 2802 Boecl.
1478 2766 1587 2803 Prae.

71 2807 168 2848 latus
190 2809 290 2861 ignis
307 2812 400 2850 olim
417 2812 566 2851 habitus
582 2811 632 2849 est
651 2812 913 2862 Imperatoriae
932 2812 1128 2852 maiestatis
1151 2812 1317 2864 aigne-3
1343 2814 1445 2866 quod
1459 2816 1589 2864 Euris»,

1260 2944 1279 2964 Ο
