1829 3173
534 286 1192 368 PRAEFATIO.

101 437 459 494 LECTORI
507 435 1015 490 GRAECARVM
1060 430 1620 488 LITTERARVM

660 547 1045 592 STVDIOSO.

97 669 420 783 praefaturus
449 676 605 718 Tomo
634 671 740 718 huic
768 669 1012 716 Herodiani
1042 670 1211 734 primo,
1261 686 1312 716 ex
1342 668 1449 724 illis,
1501 682 1616 734 quae

202 740 308 785 olim
340 741 385 786 in
414 741 754 787 Commentariis
782 735 1018 785 Deffavicis
1048 738 1104 784 de
1130 735 1327 785 instituto
1351 755 1403 784 ac
1431 735 1617 784 consilio

96 807 302 854 editionis
327 825 452 855 meae
473 808 675 872 pluribus
698 806 821 862 dedi,
851 823 1043 868 excerpo
1063 817 1236 853 tantum
1257 805 1471 870 quaedam
1487 843 1497 862 ,
1543 804 1616 851 ad-

68 867 78 874 *
97 875 197 921 ditis
219 876 330 929 aliis,
366 888 415 923 ut
436 878 750 937 cognoscatur,
781 878 954 938 quaein
976 875 1122 920 lucem
1139 872 1292 937 prodit
1311 872 1468 929 editio,
1507 871 1616 936 quid

93 961 185 1005 que
204 946 246 989 in
265 962 312 990 ea
331 947 554 1004 egerimus
568 980 578 999 ,
615 953 660 990 et
679 943 893 1006 denique,
924 958 1016 1005 quo
1039 941 1169 1000 dirigi
1190 951 1432 988 mentes·ac
1454 941 1615 988 iudicia

94 1011 286 1068 horum,
321 1014 394 1076 qui
423 1029 606 1075 operam
633 1027 781 1058 meam
810 1009 1041 1056 recensere
1069 1007 1299 1062 instituant
1326 1009 1507 1074 aliisque
1542 1025 1616 1057 an·

91 1083 321 1136 nunciare,
362 1080 564 1135 velimus.

228 1149 388 1207 Igitur,
419 1164 522 1192 cum
544 1144 597 1193 ab
618 1147 747 1193 initio
771 1146 915 1193 moliti
935 1143 1125 1193 effemus
1155 1145 1400 1193 editionem
1422 1146 1612 1211 amplio-

88 1229 209 1268 rem,
253 1231 367 1278 quae
388 1218 641 1262 contineret
659 1219 807 1262 Notas
833 1232 925 1261 non
957 1213 1094 1261 modo
1117 1216 1328 1262 Virorum
1353 1212 1609 1263 Dostorum

87 1279 399 1343 editorumque
432 1286 635 1347 priorum
662 1285 815 1347 plenas
852 1294 898 1329 et
937 1299 1118 1338 omnes,
1169 1282 1241 1330 sed
1269 1285 1400 1330 etiam
1430 1283 1608 1330 libellos

86 1349 303 1412 quosdam
325 1349 580 1412 singulares,
612 1353 710 1399 loca
735 1350 870 1400 nostri
896 1352 1121 1416 scriptoris
1141 1352 1313 1416 aliquot
1335 1352 1607 1416 explicantes

83 1417 155 1463 vel
176 1418 461 1467 illustrantes:
499 1431 672 1476 tamen,
705 1419 984 1470 suadentibus
1008 1430 1105 1466 tum
1137 1422 1334 1467 virorum
1365 1420 1608 1470 nonnullo-

83 1502 204 1543 rum,
241 1485 438 1535 dotirina
463 1489 718 1544 celebrium,
750 1488 947 1543 vocibus,
983 1499 1080 1535 tum
1099 1486 1446 1554 bibliopolarum
1474 1490 1606 1535 ratio-

81 1553 235 1610 nibus,
272 1566 370 1603 tum
393 1558 626 1615 iuvenum,
663 1559 926 1605 Graecitatis
946 1558 1213 1611 amantium,
1251 1556 1515 1613 commodis,
1548 1556 1602 1606 ab

84 1638 139 1669 eo
158 1621 359 1681 consilio,
404 1625 688 1690 longiorique
714 1627 834 1681 velut
854 1628 1040 1684 itinere,
1080 1626 1277 1672 revocari
1307 1642 1390 1672 nos
1419 1624 1601 1681 sivimus

82 1691 159 1744 ita,
193 1703 256 1746 ut,
292 1704 467 1757 praeter
487 1694 620 1757 plane
642 1691 830 1741 reieftos
850 1694 1024 1741 libellos
1044 1692 1146 1740 istos
1168 1691 1420 1754 singulares,
1449 1695 1600 1758 primo

83 1758 296 1805 Excursus
326 1761 378 1807 ad
408 1762 505 1807 loca
546 1763 762 1825 quaedam
802 1773 877 1810 aut
904 1761 1130 1809 breviores
1165 1761 1474 1817 redderemus,
1521 1771 1601 1810 aut

81 1827 258 1887 prorsus
280 1827 618 1885 dimitteremus,
660 1830 820 1877 deinde
843 1831 996 1878 saltem
1022 1835 1169 1879 Notas
1188 1831 1389 1880 Boecleri
1411 1841 1457 1877 et
1477 1832 1600 1878 Oxo-

83 1891 242 1938 nienfis
272 1895 474 1942 editionis
504 1901 664 1959 partim
694 1901 1004 1945 omitteremus
1035 1902 1245 1956 omniuo,
1285 1901 1449 1964 partim
1489 1914 1600 1949 con-

83 1958 308 2007 trattiores
340 1961 563 2018 daremus,
602 1964 803 2015 tandem,
847 1984 957 2029 quae
983 1967 1240 2021 Scheidius,
1283 1968 1359 2013 suo
1387 1979 1598 2030 tempore

84 2027 254 2073 Graece
280 2046 372 2076 non
390 2030 616 2086 indottus,
646 2031 856 2080 attulisset
877 2050 920 2079 m
945 2033 1096 2080 Indice
1109 2035 1419 2082 Boeclerianae
1438 2035 1598 2089 editio-

78 2096 168 2150 nis,
219 2098 392 2158 parcius
421 2101 766 2159 attingeremus,
809 2113 852 2147 et
882 2100 1018 2149 modo
1049 2114 1267 2166 quatenus
1304 2102 1379 2148 ille
1407 2114 1481 2149 aut
1510 2102 1597 2149 dis·

77 2161 256 2210 cessisset
274 2182 297 2211 a
318 2167 534 2214 Politiano
557 2169 711 2232 (quern
735 2170 1000 2234 plerumque
1020 2169 1232 2235 sequitur,
1270 2173 1459 2218 etiamin
1484 2172 1596 2219 locis

80 2227 325 2280 difficilibus
348 2246 394 2281 et
417 2237 530 2282 male
556 2235 823 2298 intelleEtisQ
846 2249 891 2285 et
902 2239 1126 2300 Berglero,
1159 2248 1232 2284 aut
1255 2238 1359 2285 huie
1378 2236 1593 2303 posterio-

79 2299 115 2343 ri
137 2298 190 2343 ad
213 2303 470 2350 vertendum
496 2303 581 2350 dux
604 2305 746 2352 fuisset
767 2302 943 2371 alionis,
975 2318 1051 2354 aut
1071 2305 1356 2370 repugnasset
1376 2307 1592 2371 Stephani

77 2365 364 2426 comesturis,
410 2385 484 2419 aut
515 2371 728 2421 habuisset
757 2374 918 2439 aliquid
948 2374 1004 2422 ad
1030 2377 1127 2422 loca
1149 2373 1302 2422 Nostri
1331 2374 1590 2441 explicanda

75 2433 145 2479 vel
167 2433 437 2494 illustranda,
478 2458 576 2487 raro
599 2442 813 2507 denique,
850 2442 925 2489 ubi
947 2446 991 2490 in
1011 2445 1082 2500 iis,
1130 2460 1246 2507 quae
1275 2461 1366 2490 non
1396 2444 1492 2491 satis
1519 2459 1589 2491 ac·

73 2514 225 2549 curate
247 2505 322 2551 ille
356 2506 555 2565 dedisset,
590 2510 719 2558 nobis
750 2510 804 2557 ad
833 2513 1021 2559 meliora
1046 2511 1361 2578 praecipienda
1391 2512 1590 2561 oblatam

74 2569 351 2620 occasionem
374 2588 642 2639 putaremus.

206 2643 381 2689 Deinde
413 2663 435 2690 a
456 2644 667 2694 substrato
699 2658 823 2695 textu
848 2650 1047 2703 Graeco,
1081 2665 1216 2713 quem
1249 2646 1383 2695 habet
1399 2646 1590 2694 Henrici

0 2735 21 2746 ν.
69 2707 281 2772 Stephani
302 2712 438 2759 editio
459 2717 559 2761 anni
588 2732 603 2762 1
620 2724 706 2777 581
732 2717 993 2782 formaeque
1012 2729 1268 2783 quaternae,
1303 2733 1396 2765 non
1416 2713 1592 2771 disceffi,
