1772 3158
162 136 261 180 592
306 121 528 168 LIBERI.
561 120 685 169 CAP.
706 126 822 169 XIV.
860 127 1058 171 A.v.c.
1084 136 1205 180 944.
1250 129 1388 175 CHR
1413 131 1478 176 N
1511 143 1626 186 191.

151 257 237 300 ‘you
271 255 585 303 πξογενομενου
608 242 626 269 Ρ
664 238 768 300 γῆς,
805 237 888 286 εἴτε
923 253 972 288 tu
993 246 1149 304 exiguo
1171 247 1293 308 prius
1312 244 1442 302 fasso,
1472 246 1555 295 sve
1578 250 1662 297 ful·

152 330 356 367 σκηπτου
401 310 562 380 νόει-τως
611 310 892 371 κατενεχθὲν-
929 320 1046 364 mine
1105 316 1240 365 noCtu
1282 321 1471 386 delapso
1493 359 1506 379 ‚
1574 324 1659 372 sve

150 406 248 447 τος,
307 386 391 434 εἴτε
425 387 500 434 καὶ
530 385 665 454 πυςές
703 386 847 434 ποθεν
870 399 892 432 ‘1
928 395 1056 440 etiam
1107 396 1200 454 igni
1242 394 1416 443 aliunde
1474 415 1525 445 ex
1579 400 1658 446 illo

239 517 278 558 p)
302 527 435 559 nen-yn.
457 517 521 547 MS.
542 516 594 546 ssa.
621 524 695 546 cum
725 515 841 555 θεὴ-Ἄ.
858 516 893 546 Β.
913 516 1026 548 Panl-
1055 525 1088 549 et
1111 518 1200 555 Pan,
1233 528 1268 554 v.
1285 517 1331 551 N.
1400 519 1439 564 q)
1463 522 1550 565 πυρᾶς
1569 527 1655 554 ποθὲν

150 560 206 593 his
232 563 430 592 accentibus
449 563 518 601 δερ.
537 559 592 590 Sl).
613 559 678 597 al..
709 559 763 591 sed
782 559 842 591 rel.
860 561 1059 597 nobiscum,
1089 564 1175 595 v.N.

149 673 231 718 set“
257 684 389 709 tenens
412 673 481 708 ep,
493 684 575 708 cum
591 673 649 719 ssg.
667 672 778 708 alium
801 671 1001 711 ordinem'
991 687 1029 709 in
1048 674 1180 710 vicinis
1197 690 1306 721 σεισμ.
1326 684 1456 721 ετγῆς,
1485 677 1651 714 aNostro

146 721 297 758 divulsis
319 723 378 757 vel
397 722 444 755 ob
464 721 687 762 laevitatem,
710 723 768 758 vel
789 734 829 757 ut
848 722 1001 758 variaret
1013 722 1258 779 participium
1276 740 1376 770 vrgoy.
1394 727 1433 761 in
1455 725 1551 769 loco,
1579 740 1652 763 nec

146 771 253 807 staret
275 769 313 804 in
337 772 500 806 membro
525 781 714 809 extremo,
747 782 790 806 ut
818 770 857 805 in
884 772 1092 807 enunciatis
1122 772 1184 808 rel.
1178 797 1206 813 .‚
1245 775 1460 818 proferente
1479 780 1556 822 δερ.
1577 777 1651 811 Th.

146 821 262 856 modo
284 819 394 854 affine
417 818 455 853 in
473 834 508 856 σ
534 825 714 863 »γειναμένα
718 836 735 856 υ
755 832 811 864 ap.
832 820 951 856 Thuc.
975 833 1012 856 et
1027 822 1119 856 Xen.
1124 828 1151 846 (ί
1176 821 1237 856 sed
1256 822 1324 857 alia
1338 824 1412 858 Lat.
1435 824 1518 858 inv.
1532 840 1631 870 xpo-y
1639 848 1651 865 ,

146 869 195 906 cf.
217 868 297 904 Ind.
320 869 442 914 Geop.
464 879 503 903 et
523 869 610 904 Luc.
636 880 669 914 3,
689 868 881 915 360.l.19.
911 884 944 906 σ-
967 868 1126 915 πρότερον
1154 875 1307 914 μεγάλου
1331 880 1526 914 γενομένου,
1557 883 1652 908 motu

145 917 289 955 telluris
308 929 434 963 magno
456 928 537 952 cum
556 918 690 965 mugitu
712 929 798 953 ante
809 918 937 963 sufflo,
964 918 1025 954 ubi
1046 918 1114 953 adi.
1135 934 1213 963 μεγ.
1234 917 1277 954 fit
1296 921 1496 962 vehemens,
1523 933 1564 957 ut
1580 934 1651 956 no-

144 966 255 1002 strum
279 965 406 1011 oppoi.
427 965 475 1002 ὄλ.
502 966 618 1008 levis,
649 979 731 1002 cum
750 977 841 1003 terra
866 966 1084 1004 concutitur
1102 978 1284 1014 nutatque
1302 968 1490 1008 tenuiter,
1525 981 1566 1003 ac
1587 969 1649 1011 fic,

144 1027 188 1051 ut
210 1025 333 1050 motus
351 1027 431 1049 non
451 1016 557 1050 duret
577 1015 718 1052 diutius
738 1028 807 1051 nec
830 1014 869 1052 iit
888 1016 1114 1056 continuus,
1142 1027 1179 1051 et
1198 1017 1266 1052 alia
1288 1029 1443 1063 corpora
1456 1018 1560 1063 supra
1577 1030 1652 1053 ter-

144 1077 223 1100 ram
246 1076 324 1098 non
344 1063 541 1100 admodum
563 1063 744 1105 sentiant,
780 1077 853 1101 nec
874 1076 1095 1101 moveantur
1113 1067 1240 1106 vaide,
1267 1077 1337 1101 nec
1359 1077 1532 1102 corruant
1550 1066 1652 1102 fran-

146 1124 344 1161 gantur-ve,
380 1111 427 1147 cf.
456 1112 499 1146 ad
522 1115 581 1161 ssg.
611 1113 810 1150 formulam
830 1114 877 1150 G.
895 1115 968 1150 Th.
991 1114 1030 1150 in
1060 1112 1164 1150 lubst
1184 1126 1254 1150 utr.
1276 1126 1359 1169 3435.
1381 1124 1437 1154 81.
1457 1127 1495 1150 et
1516 1119 1634 1158 764·¹

134 1163 265 1210 fad‘lus
285 1160 484 1197 nunciatur
505 1173 628 1198 terrae
643 1173 769 1198 motus
785 1164 987 1204 horribili„
1021 1162 1212 1211 cogitante
1233 1175 1291 1199 me
1315 1164 1353 1199 in
1365 1165 1429 1199 Gr.
1447 1172 1512 1208 ’γῆς
1531 1174 1650 1199 extre-

144 1224 240 1246 mam
263 1221 401 1256 partem
424 1209 572 1264 protasis¹
600 1211 638 1246 in
669 1212 823 1257 periodo
845 1213 966 1249 Nostri
989 1224 1052 1258 per
1075 1212 1287 1258 participia,
1319 1212 1403 1250 sed,
1439 1211 1646 1259 praemiffis,

144 1260 208 1307 qui
230 1258 453 1306 sequuntur,
489 1259 663 1306 genitivis
681 1259 831 1307 conseq.
845 1286 857 1302 ,
893 1274 1016 1297 veram
1035 1260 1208 1307 apodofin
1229 1261 1408 1297 demum
1398 1273 1437 1297 m
1454 1263 1516 1298 πᾶν
1534 1281 1570 1288 -
1589 1277 1647 1298 κα-

140 1320 242 1354 τεφλ.
291 1309 391 1343 Tum
408 1309 542 1349 credo,
568 1308 618 1356 sq.
643 1324 696 1345 σκ.
719 1327 746 1346 ν.
769 1326 845 1347 και-
869 1311 1054 1358 pertinere
1074 1310 1119 1345 ad
1147 1310 1331 1356 luperiora
1363 1309 1436 1345 duo
1459 1309 1505 1346 de
1525 1310 1648 1346 imbre

141 1370 184 1392 ac
206 1357 385 1397 nubibus,
422 1369 500 1393 non
520 1356 564 1392 ad
583 1369 700 1394 terrae
721 1369 886 1399 motum3
919 1370 1128 1405 quanquam
1146 1358 1231 1394 alias
1261 1369 1351 1395 nota
1380 1359 1464 1394 sunt
1486 1358 1647 1394 fulmina

141 1406 321 1454 quaedam
338 1406 497 1445 inferna,
527 1419 642 1454 quum
663 1420 684 1442 e
703 1418 796 1443 terra
815 1408 955 1444 sursum
966 1407 1164 1443 exsiliunt
1153 1419 1271 1455 ignes,
1291 1407 1338 1442 cf.
1349 1409 1395 1444 G.
1409 1407 1478 1442 Th.
1492 1419 1525 1442 v.
1530 1409 1645 1454 fulm-

142 1461 230 1499 7⁶¹»
253 1460 306 1491 16.
318 1480 328 1496 ,
367 1466 461 1502 quae
483 1454 629 1501 possunt
653 1467 695 1490 ac
720 1456 839 1492 solent
861 1458 1010 1492 existere
1031 1456 1072 1491 in
1091 1467 1206 1492 terrae
1227 1456 1508 1493 vehementibus
1534 1455 1646 1492 moti-

141 1505 209 1541 bus
230 1515 268 1540 et
289 1502 362 1538 illis
383 1503 605 1545 chasmatiis,
641 1517 724 1540 curn
752 1506 876 1542 hiatus
907 1505 1047 1542 telluris
1074 1505 1310 1545 scinduntur3
1345 1504 1478 1552 quibus
1501 1506 1645 1542 obstant

140 1553 205 1589 hic
224 1566 274 1601 pr.
297 1568 330 1589 σ.
351 1553 442 1597 ὄλιγ.
473 1564 512 1587 et
542 1565 693 1600 quoque
723 1567 757 1589 ν.
783 1570 919 1596 κατ-εκ,
959 1554 1021 1590 ubi
1045 1555 1125 1600 Srp.
1146 1554 1218 1589 Th.
1249 1566 1321 1590 nec
1346 1565 1451 1590 tenet
1470 1555 1544 1589 Lat.
1565 1558 1641 1602 Eg..

138 1604 320 1650 (quocum
341 1602 424 1638 Sch.
446 1603 580 1648 plane‚)
607 1604 665 1637 sed
683 1603 722 1637 in
743 1619 793 1639 σκ.
821 1606 896 1639 Lat.
916 1604 954 1638 Ρ.
978 1605 1170 1648 depravata
1198 1602 1384 1641 „Hei-odi.
1406 1603 1431 1638 l.
1448 1615 1476 1638 ι.
1495 1618 1531 1639 o·-
1550 1621 1575 1639 ν.
1599 1620 1643 1644 ι,

138 1652 305 1687 mamni
321 1650 421 1686 casus
437 1651 639 1697 fulminisss
670 1652 732 1687 ubi
759 1651 841 1688 Sch.
870 1651 1061 1691 „fulmine
1086 1652 1291 1686 decidente«
1323 1663 1404 1686 non
1428 1650 1574 1687 ferente
1595 1651 1643 1686 G.

137 1700 212 1736 Th.
231 1699 428 1736 formulam
453 1703 504 1746 ssg
526 1723 537 1739 ,
570 1700 630 1734 sed
652 1700 690 1736 in
716 1700 843 1741 subst.,
869 1712 952 1736 cum
971 1702 1035 1736 Gr.
1059 1713 1092 1735 n.
1113 1700 1245 1741 etiarn,
1273 1700 1386 1735 modo
1411 1700 1553 1747 „ignis,
1580 1713 1645 1747 ex·

136 1749 270 1785 citatus
293 1762 314 1784 e
333 1748 523 1784 nubibus“
550 1761 632 1783 cum
655 1760 693 1784 et
712 1749 854 1797 surgat,
887 1761 930 1785 ut
957 1749 1115 1789 dietum,
1154 1762 1175 1784 e
1196 1761 1312 1789 terra,
1345 1747 1392 1785 cf.
1417 1751 1464 1785 de
1491 1750 1555 1784 Gr.
1583 1765 1641 1787 σκ.

135 1798 220 1836 lnd.
239 1799 348 1833 Dein.
369 1809 452 1832 cum
474 1798 613 1838 Heissa,
637 1807 738 1835 1208.
760 1812 814 1837 ε..
847 1810 927 1834 non
947 1798 1032 1833 coll.
1062 1797 1271 1833 coniee'tura
1290 1798 1388 1835 Kust.
1411 1798 1456 1832 ad
1475 1798 1581 1833 Suid.
1603 1808 1640 1844 3,

137 1856 221 1894 329.
241 1860 289 1882 m.
319 1858 405 1882 cum
426 1847 517 1882 locis
536 1846 613 1887 his,
639 1856 778 1889 σκηπτοὶ
797 1850 1068 1892 κατηνέχθησαν,
1086 1847 1248 1893 fulmina
1267 1847 1422 1883 coelitus
1441 1848 1641 1894 descenden-

136 1898 216 1937 tia,
241 1908 279 1931 et
300 1903 380 1940 νέφη
398 1900 606 1941 συνέδραμε,
631 1913 685 1939 κωγ
707 1895 796 1933 ὖετοὶ
814 1905 934 1933 πολλοι
953 1897 1007 1934 xa)
1027 1904 1168 1938 σκηπτοὶ
1192 1897 1424 1935 nxz-chaneser
1449 1897 1556 1931 coelo
1577 1908 1640 1931 nu·

136 1947 234 1981 bibus
252 1945 434 1985 obduffi,
467 1948 600 1980 multae
620 1947 764 1991 pluviae
784 1956 819 1981 et
840 1945 994 1981 fulmina
1013 1947 1239 1986 deciderunt,
1267 1946 1329 1991 qui
1351 1957 1405 1980 ret
1397 1945 1467 1981 tus
1487 1957 1640 1982 naturae

137 1994 252 2049 ordo,
288 2007 307 2029 a
331 1993 462 2030 Nostro
483 1994 515 2042 §.
536 1995 558 2031 i.
578 1993 740 2030 deicrtus
759 1993 944 2041 ρετὸςερον
955 1992 1136 2040 πςᾶτερον,
1165 2004 1311 2029 tueatur
1329 1992 1494 2029 ibiiubst
1510 1990 1639 2039 ομβςον

133 2042 299 2080 notione
317 2043 471 2092 vulgari.
526 2044 721 2080 Caeterum
743 2042 864 2080 Leisn.
890 2056 929 2079 in
953 2057 1002 2079 m.
1026 2045 1097 2080 Ox.
1116 2044 1160 2079 ad
1183 2056 1217 2079 v,
1238 2058 1288 2080 cx
1312 2046 1387 2082 uA.
1420 2042 1467 2078 de
1493 2043 1636 2079 mundo

204 2104 283 2127 120
288 2100 314 2118 <C

134 2105 172 2141 P
178 2139 282 2187 πυρός
300 2145 381 2181 ποθ.
388 2145 399 2187 )
425 2145 468 2179 In
489 2144 568 2179 adv.
589 2152 745 2179 accentu
763 2141 906 2178 variant
927 2141 1146 2183 sententiae,
1176 2139 1385 2176 encliticam
1408 2139 1487 2176 aliis
1506 2152 1638 2187 putan-

133 2191 258 2230 tibus,
285 2192 362 2227 aliis
385 2193 447 2228 mi.
442 2205 530 2233 nus,
565 2192 612 2228 cf.
633 2193 794 2228 Gramm.
817 2192 924 2228 Well.
944 2192 1000 2227 ed
1024 2193 1074 2226 Fi.
1096 2189 1225 2225 novin.
1246 2203 1279 2236 p.
1299 2201 1353 2234 54.
1366 2202 1412 2225 m
1438 2191 1575 2225 March.
1598 2203 1634 2239 p.

137 2249 243 2284 1003.
254 2254 285 2276 e.
319 2241 406 2277 Pois.
428 2245 534 2289 Synt.
558 2255 591 2287 ρ.
608 2250 686 2286 344.
699 2254 745 2275 m
767 2241 832 2276 Nr.
847 2254 879 2283 4.
900 2253 937 2276 et
956 2242 998 2276 ad
1023 2239 1106 2287 Vig.
1138 2252 1170 2283 p.
1190 2242 1273 2281 669.
1296 2252 1326 2274 e
1387 2238 1636 2278 inconstanter

132 2301 266 2337 agente
287 2291 365 2336 δερ.
388 2291 461 2325 Tb.
483 2290 653 2331 aliunde,
682 2302 750 2326 nec
766 2290 986 2345 proferente
1008 2291 1085 2325 Lat.
1109 2291 1168 2336 ὃς.
1184 2314 1194 2328 ,
1222 2298 1264 2323 ut
1284 2299 1353 2322 nec
1374 2290 1412 2324 L·
1437 2288 1542 2329 Ern.,
1574 2301 1630 2337 ap.

134 2341 183 2376 G.
204 2338 276 2374 Th.
307 2352 391 2375 cum
414 2341 496 2375 Grr.
515 2341 560 2375 al
572 2365 583 2381 ‚
621 2340 732 2374 etiam
763 2340 803 2374 in
834 2338 974 2388 vulgari
1007 2339 1215 2378 „dicunda
1238 2356 1277 2362 —-
1303 2349 1344 2371 ex
1362 2338 1487 2384 aliquo
1517 2337 1635 2374 Ιοςοκ

133 2388 235 2434 quod
260 2399 367 2424 tenet
387 2400 537 2436 quoque
557 2388 636 2426 Sch
664 2388 719 2423 ed.
746 2390 806 2424 Bc
832 2402 858 2424 ι.
874 2413 884 2429 ,
912 2399 947 2424 at
967 2389 1025 2423 Bc
1042 2400 1068 2420 2.
1099 2386 1231 2422 dilerre
1254 2388 1312 2432 ssg.
1329 2411 1336 2424 .
1374 2398 1412 2420 in
1436 2397 1539 2421 cuius
1560 2389 1634 2423 Ms.

133 2437 265 2480 aliquis
287 2436 436 2473 limilem
459 2438 595 2474 librarii
624 2436 823 2480 suspicetur
844 2437 1003 2483 lapsum,
1043 2435 1107 2471 etii
1136 2434 1290 2470 fortaffis
1322 2445 1524 2488 utrumque
1551 2447 1634 2472 tan-

133 2485 218 2521 dem
239 2486 282 2520 ad
305 2488 502 2523 notionem
525 2487 651 2523 redeat
671 2487 846 2527 eandem;
881 2486 940 2522 hic
957 2497 999 2521 ur
1018 2498 1118 2531 opp‹
1124 2495 1231 2520 nitur
1253 2485 1399 2519 coelum
1419 2485 1444 2519 1’.
1455 2489 1528 2522 ae'r.
1552 2497 1632 2521 tan-

132 2547 243 2577 quam
263 2535 353 2571 alius
378 2537 502 2579 locus,
536 2537 656 2572 latens
675 2534 778 2570 fimul
799 2537 834 2571 in
859 2549 910 2581 ρι’.
933 2536 1097 2571 membro
1119 2552 1168 2573 o-u-
1188 2550 1285 2573 και-π,
1325 2544 1363 2568 et
1389 2533 1478 2568 alius
1503 2543 1631 2570 contra

131 2582 177 2619 fit
204 2585 331 2628 templi
364 2584 473 2640 ipsius
499 2585 637 2626 solum,
672 2585 727 2620 vel
755 2585 920 2620 vicinum
948 2583 1204 2622 circumirem
1241 2582 1324 2622 ubi,
1357 2593 1405 2616 ne
1423 2581 1552 2617 Noster
1574 2595 1631 2619 re-

133 2644 274 2686 pugnet
296 2633 355 2668 tibi
381 2635 415 2668 in
439 2649 491 2681 pr.
512 2651 544 2672 σ.
569 2635 657 2678 ὄλμγ.
681 2649 740 2679 πρ.
758 2651 818 2679 γ,
851 2633 896 2670 fic
915 2634 1084 2670 adiuves,
1119 2646 1161 2669 ut
1186 2631 1268 2666 alibi
1299 2641 1338 2667 et
1367 2642 1464 2666 extra
1497 2632 1629 2677 templi
1655 2644 1657 2646 ·

132 2694 322 2728 teotonem
345 2694 467 2720 motus
485 2696 600 2719 terrae
623 2684 737 2720 tuerit
757 2684 870 2720 modo
888 2685 1004 2722 levis,
1041 2681 1101 2717 ied
1132 2683 1170 2718 in
1199 2679 1331 2722 virini-1
1362 2678 1490 2726 templi
1519 2686 1632 2716 vehe-

133 2731 296 2768 mentior
316 2741 355 2769 et
375 2743 459 2770 cum
479 2734 584 2771 liiatu
604 2735 720 2776 adeo,
747 2733 847 2772 unde
867 2733 965 2783 ignis
986 2743 1195 2776 emanaret,
1229 2729 1336 2765 aliter
1359 2740 1439 2765 rem
1460 2729 1631 2768 tradente
