1772 3158
221 117 322 165 852
633 105 931 152 Excvrzsvs
963 107 1046 152 AD
1083 107 1229 152 ΗΒΚ.
1268 109 1305 155 1.

224 235 260 259 v.
279 224 367 258 διατ.
387 216 637 262 exprimebat,
661 216 769 263 plane
786 228 869 254 cum
882 217 963 253 Ind.
981 217 1076 253 Plut.
1095 218 1183 266 Krg.
1195 242 1206 258 ,
1234 216 1295 254 sed
1315 229 1379 266 per
1399 217 1478 268 syn.
1497 230 1582 257 curn
1591 220 1657 257 Vs.
1675 220 1713 256 ad
1770 227 1772 255 l

225 272 352 313 locum
373 266 466 315 Plut.
486 266 728 313 postremum;
755 278 862 311 quam
882 278 1016 301 novam
1036 267 1136 302 verbi
1157 270 1243 303 δατ.
1261 266 1457 304 notionem
1475 268 1714 316 vertendique

227 319 410 356 rationem
432 315 581 350 adiuves
602 314 821 361 dupliciter,
848 315 968 361 primo
989 327 1055 360 per
1067 314 1206 350 causam
1228 315 1534 363 philosophicam,
1557 318 1659 365 quod
1681 317 1715 354 in
1747 329 1772 364 ω

228 364 351 404 verbis
374 362 444 400 istis
462 365 538 400 Lat.
556 361 767 411 consuescere
791 374 830 399 et
841 363 954 412 solere
972 362 1062 398 inest
1080 363 1258 410 quaedam
1281 364 1370 401 affio
1390 367 1568 402 continua
1580 390 1591 407 ,
1625 379 1666 402 ut
1683 366 1716 402 in

228 417 294 453 Gr.
314 417 424 454 &zaim
458 412 516 448 cui
537 411 602 458 ipsi
629 412 814 448 tribuebat
834 411 954 448 Wolf.
982 412 1085 459 supra
1109 411 1244 448 diserte
1269 413 1628 462 habitum,aliquem‚
1657 414 1717 461 qui

228 474 380 502 tenetur
399 460 576 498 continua
597 460 738 496 afflone
758 461 1010 508 repetitaque,
1036 459 1295 506 (cf.Ern.1nit.
1311 458 1430 508 Psych*⁸
1450 462 1483 508 §.
1501 475 1629 500 100.et
1646 472 1718 509 103.

229 524 269 551 et
290 514 336 550 G.
356 510 429 546 Th.
457 508 716 557 „con]iaesco,-—
737 509 878 556 saepius
897 511 1038 556 agendo
1058 509 1196 556 aliquid
1214 509 1347 557 agendi
1360 510 1591 555 facilitatem,
1611 523 1720 559 quem

229 561 384 599 habitum
403 569 559 599 vocant,
582 556 644 593 fibi
664 570 808 605 parare,
835 559 893 593 vel
915 556 1128 605 limpliciter
1145 559 1192 593 est
1209 558 1278 605 i.q.
1295 558 1470 601 solere‚-
1483 558 1585 608 saiw,
1601 581 1626 588 -
1653 560 1720 596 fre.

231 621 390 658 quenter
407 619 445 645 et
465 606 649 643 ordinarie
670 618 774 655 agere
796 605 984 653 aliquid«)
1004 607 1140 641 deinde
1158 610 1259 653 quod
1281 608 1315 643 in
1331 610 1415 645 Exc.
1435 610 1479 645 ad
1495 622 1568 652 1‚2‚
1581 619 1612 650 8.
1632 609 1722 646 dixi-

229 672 333 697 mus,
359 658 510 693 verbum
531 660 638 701 φιλεῖν
657 668 739 691 cum
760 655 950 696 affinibus,
977 667 1015 691 et
1035 655 1112 690 Lat.
1125 655 1260 703 solere,
1291 658 1387 703 porse
1405 657 1623 694 commutari
1640 669 1724 694 cum

230 708 357 754 aliquo
375 707 456 741 adv.
471 729 483 745 ,
509 705 548 740 in
570 705 706 751 quibus
729 702 926 740 retulimus
953 715 992 740 et
1010 703 1129 751 ipsum
1153 704 1243 740 illud
1256 705 1415 753 semper,
1442 719 1516 754 quo
1538 706 1724 742 reddimus
1752 733 1758 736 -

229 759 382 794 verbum
404 759 512 796 δια-ιη,
538 764 575 788 et
595 753 703 793 alibi,
731 764 768 788 et
787 751 826 787 in
847 753 918 787 hoc
934 751 1012 800 ipso
1031 752 1155 789 Nostri
1173 755 1270 795 loco,
1295 765 1381 797 aut,
1409 767 1452 792 ut
1470 755 1573 803 supra
1590 766 1726 803 propo-

227 805 359 847 situm,
390 803 495 840 simul
514 815 598 839 cum
620 815 652 839 v.
673 800 776 838 subst.
790 801 886 849 sunt.

379 852 487 888 Unde
507 853 659 887 verbum
677 854 764 888 διατ.
784 862 867 885 cum
889 850 1083 897 participio
1105 851 1261 888 omnino
1282 850 1326 886 lic
1347 849 1533 893 reddetur,

225 905 259 952 1)
284 902 429 943 severe,
457 913 522 947 per
543 902 617 936 duo
647 901 779 941 verba,
818 900 928 935 etiam
952 900 1043 934 adeo
1071 899 1210 936 servato
1233 900 1449 948 participio,
1487 913 1529 937 ut
1557 899 1662 949 supra
1682 897 1729 940 ad

276 951 381 990 Ael„
404 962 438 987 v.
456 961 486 984 e.
508 947 751 997 perseveravit
768 961 896 995 agens,
922 948 963 983 it.
981 947 1229 996 perseveravit
1249 970 1282 976 —
1301 951 1504 996 implicitus,

226 1001 274 1049 ll)
298 999 420 1037 minus
439 998 584 1039 severe,
611 998 730 1033 verbis
751 996 901 1045 quidem
925 997 1069 1033 servatis
1091 997 1255 1038 duobus,
1285 998 1345 1034 sed
1369 999 1565 1046 participio
1585 997 1621 1034 in
1646 996 1729 1035 infi-
1768 1001 1772 1009 ¹

232 1073 236 1077 -
275 1048 438 1086 nitivum
460 1057 602 1084 mutato
615 1071 625 1088 ,
663 1044 727 1083 ubi
747 1045 913 1081 solennia
933 1045 1017 1082 sunt
1037 1048 1115 1084 Lat.
1131 1048 1360 1096 perseverare
1373 1073 1383 1090 ,
1413 1048 1476 1084 rel.
1489 1072 1500 1090 ,
1535 1047 1595 1084 sed
1614 1047 1730 1084 infre-¹,

275 1096 473 1146 quentiora
483 1094 597 1146 fidere
616 1106 654 1133 et
677 1093 898 1143 consuescere,

224 1149 290 1193 ΠΙ)
319 1146 491 1188 liberius,
520 1157 605 1181 cum
623 1145 818 1180 adhibetur
832 1143 917 1179 adv.
940 1143 1143 1191 temporis,
1177 1144 1379 1185 continens
1399 1143 1594 1181 notionem
1622 1156 1733 1190 prae-

269 1195 465 1245 positionis
495 1198 569 1234 διόι,
603 1193 708 1230 fimul
729 1205 815 1229 cum
835 1193 969 1234 verbo,
1002 1193 1059 1229 cui
1091 1191 1182 1229 inest
1202 1193 1326 1242 aliquo
1352 1194 1457 1241 pasto
1487 1194 1595 1229 notio
1623 1192 1731 1236 verbi

274 1249 406 1284 τελεῖν.
433 1254 477 1280 ut
490 1243 624 1291 semper
644 1255 785 1279 manere
804 1252 842 1278 et
856 1241 990 1290 semper
1009 1241 1093 1291 elle,
1131 1244 1234 1289 quod
1255 1243 1476 1291 postremum
1504 1253 1628 1283 tamen
1648 1253 1735 1291 non,

275 1293 465 1341 procedit,
491 1292 555 1328 ubi
572 1303 656 1328 cum
675 1304 706 1327 v.
726 1294 811 1328 διατ.
833 1288 966 1326 diserte
985 1290 1081 1327 adest
1097 1292 1332 1339 participium
1353 1292 1454 1329 verbi
1476 1291 1566 1328 lubst
1597 1285 1651 1332 ὢν,
1734 1296 1735 1299 ’

225 1343 295 1388 lv)
317 1342 506 1378 liberrime
523 1341 569 1377 ad
591 1341 830 1386 sensumque,
858 1351 921 1386 per
941 1339 1056 1375 solum
1074 1340 1153 1376 adv,
1177 1341 1356 1388 temporis
1373 1341 1536 1388 aliquod.
1567 1351 1731 1386 quorum
1769 1367 1772 1387 :

233 1422 236 1425 Α
275 1394 311 1438 a)
333 1392 480 1438 vulgare
499 1389 548 1425 est
558 1389 716 1439 semper,
745 1388 806 1424 sed
848 1388 885 1432 b)
912 1386 1091 1423 severiora
1110 1389 1372 1437 suntperpetuo
1384 1401 1423 1426 et
1441 1389 1616 1429 continuo,
1638 1387 1728 1435 quia
1767 1395 1772 1403 “

270 1452 309 1477 et
328 1439 401 1486 ipsa
420 1439 557 1476 habent
575 1437 896 1485 praepolitionem,
923 1435 1041 1483 qualis
1060 1436 1097 1472 in
1112 1450 1143 1472 v.
1156 1440 1244 1474 διατ.
1257 1462 1267 1478 ,
1294 1449 1338 1474 ut
1385 1441 1421 1481 c)
1438 1438 1478 1473 in
1500 1437 1570 1473 hoc
1590 1450 1623 1472 v.
1639 1449 1728 1474 cum

273 1488 412 1525 diserto
434 1487 514 1525 adv.
534 1487 587 1524 αἐὶ
606 1486 732 1534 potius
751 1484 975 1522 adhibentur
995 1484 1056 1521 illa
1075 1495 1205 1533 porro,
1230 1487 1389 1529 deinde,
1410 1488 1589 1535 deinceps,
1615 1497 1729 1532 quam

270 1539 402 1580 adhuc,
1563 1554 1566 1564 ·

221 1587 274 1634 V)
297 1586 484 1624 liberrime
503 1581 674 1640 omnium
696 1595 760 1630 per
784 1581 1005 1620 adiestivum
1029 1595 1050 1618 e
1071 1582 1231 1620 notione
1250 1580 1430 1630 temporis
1451 1581 1649 1625 continui,
1683 1591 1728 1619 ut

265 1644 453 1686 perpetuus
472 1645 510 1671 et
535 1643 732 1671 commutas.
1017 1643 1021 1646 ’

314 1683 387 1720 Sed
405 1694 484 1719 tota
514 1681 616 1718 verbi
645 1684 735 1718 διατ.
757 1679 869 1718 reffio
890 1681 934 1718 ad
953 1680 1048 1718 hanc
1068 1679 1186 1718 veluti
1214 1680 1376 1717 tabulam
1395 1679 1646 1721 revocabitur,
1678 1686 1726 1715 ut

218 1746 297 1771 uno
321 1731 464 1770 intuitu
483 1730 736 1778 perspiciatur,

219 1784 252 1830 1)
279 1795 359 1819 cum
381 1782 493 1818 accus.
516 1781 566 1816 rei

266 1833 318 1878 A)
341 1831 545 1877 temporis,
574 1828 688 1876 idque
1738 1813 1749 1880 l

356 1881 392 1925 a)
421 1878 658 1926 fimpliciter,
694 1875 928 1919 διατετελεκῶς
952 1881 1030 1914 δέκκ
1052 1871 1125 1918 ἔτη,
1742 1883 1749 1921 3

355 1929 395 1974 b)
420 1941 504 1964 cum
525 1926 697 1963 adiunsto
719 1938 793 1962 uno
835 1929 868 1971 ι)
888 1923 1168 1973 praepositionis
1182 1947 1192 1964 ,
1219 1927 1304 1962 διατ.
1326 1922 1385 1962 τόν
1402 1928 1472 1970 βίον
1496 1927 1529 1961 ἐν
1547 1928 1721 1969 βασιλείᾳ,
1743 1926 1751 1970 ’ζ

404 1980 443 2023 2)
469 1975 631 2013 adverbii
653 1973 812 2012 univerfi
833 1987 873 2010 ac
896 1975 1020 2013 modi,
1056 1978 1145 2011 διατ.
1164 1974 1222 2010 τᾶν
1241 1980 1312 2018 βίυν
1331 1977 1536 2017 εὐδαιμόνως,
1660 2018 1676 2025 η

404 2029 443 2074 3)
471 2023 634 2061 adverbii
654 2024 678 2060 s.
697 2023 973 2060 coniunstionis
992 2022 1181 2069 temporis,
1209 2026 1370 2062 διαπτὰς
1382 2017 1629 2068 ἦμέςας,ἂ’χςις
1639 2026 1674 2056 οὐ
1686 2033 1720 2058 Α.

358 2076 396 2122 c)
418 2087 499 2112 cum
520 2073 692 2109 adiunfto
713 2073 853 2118 duplici
869 2099 878 2114 ‚
903 2072 1066 2108 adverbii
1087 2081 1125 2108 et
1145 2072 1348 2118 particulae
1374 2083 1458 2108 cum
1482 2071 1561 2107 casu
1575 2094 1586 2112 ‚
1625 2074 1734 2117 35:22³·-¹

410 2124 468 2161 τδν
487 2129 557 2169 βίον
575 2124 734 2168 εἰρηνικῶς
757 2129 862 2167 μέχρι
887 2131 947 2163 τῆς
967 2129 1141 2162 τελευτῆς,
1733 2134 1737 2136 ·

259 2175 303 2224 B)
327 2174 421 2210 alius
440 2171 614 2212 alicuius,
642 2170 741 2218 quod
761 2182 874 2219 genus
893 2169 1142 2216 superioribus
1160 2169 1219 2204 hic
1237 2168 1369 2205 addere
1389 2168 1479 2205 licet
1500 2181 1544 2206 ex
1561 2168 1641 2206 lnd.
1659 2164 1717 2204 Fi.

310 2221 441 2260 Aesch.
468 2224 587 2261 ωδιατ.
605 2218 663 2257 τᾶν
683 2215 805 2263 λόγον,
830 2220 1029 2266 absolvere,
1053 2217 1469 2268 conficeresermonem“

208 2272 261 2321 ll)
289 2284 375 2309 cum
397 2270 592 2317 participio
612 2268 760 2304 alterius
778 2267 878 2304 verbi

261 2323 312 2366 A)
337 2320 436 2360 solO,
464 2323 547 2357 zm.
567 2319 688 2355 ποιεῖν,
714 2317 909 2363 ἀγρυπνῶν,
930 2315 995 2352 rel.
1024 2316 1064 2352 it.
1090 2311 1130 2354 diu
1150 2327 1188 2353 et
1208 2312 1313 2358 ὄντες,

263 2372 309 2419 Β)
335 2369 412 2406 fine
430 2372 534 2409 calu,
561 2367 623 2403 sed
643 2379 727 2402 cum
747 2365 925 2411 temporis
945 2364 1115 2402 adiunfio

307 2423 346 2465 a)
372 2429 450 2456 uno
468 2426 611 2452 tantum
624 2439 636 2456 ‚
672 2417 707 2461 1)
728 2427 791 2461 per
806 2414 967 2461 praepos.
987 2419 1018 2451 ἐν
1037 2422 1136 2452 παντὶ
1155 2417 1258 2460 καιρῷ
1270 2439 1280 2456 ,
1312 2414 1352 2450 it.
1372 2418 1405 2452 ἐν
1418 2416 1490 2455 τοῖς
1506 2418 1713 2460 προγενομέ-

407 2481 469 2508 νοις
489 2469 609 2510 καιροῖς
622 2490 631 2506 ,
658 2463 699 2500 it.
721 2467 756 2508 ἐξ
774 2463 904 2509 ἀρχῆς.
932 2462 972 2499 it.
992 2463 1072 2502 καθ’
1089 2462 1207 2507 ἑκάς-ην
1224 2470 1359 2510 ἡμέραν,
1770 2462 1772 2511 J

360 2517 398 2563 2)
423 2527 486 2562 per
509 2513 722 2560 particulam
745 2513 823 2561 syn.
844 2514 866 2548 s.
888 2514 969 2549 adv.
989 2513 1189 2561 temporis,
1211 2525 1343 2561 regens
1359 2511 1499 2554 casum,
1523 2518 1625 2557 μέχρι
1643 2511 1710 2550 riv

403 2569 565 2609 νεωτέρων
591 2564 721 2608 καιρῶν,
1736 2563 1739 2565 ’

352 2615 389 2661 3)
417 2625 479 2659 per
500 2612 580 2647 adv.
601 2609 780 2658 temporis
800 2609 1006 2646 universum
1027 2607 1294 2650 fiabsolutum.
1321 2609 1432 2655 idque
1460 2611 1500 2653 a)
1519 2607 1708 2657 singularis

400 2659 523 2701 vocis,
558 2670 599 2696 ut
619 2659 694 2700 ait),
742 2662 781 2705 β)
807 2658 1053 2705 compofitum
1073 2670 1112 2695 et
1129 2659 1288 2704 plurium
1309 2671 1464 2700 vocum,
1499 2653 1553 2695 ἔτι
1569 2657 1630 2703 naq*
1650 2658 1704 2697 νῦν

383 2710 446 2747 sed.
467 2719 504 2744 et
539 2712 580 2752 γ)
597 2709 714 2745 totius
735 2707 1032 2751 enunciationis,
1059 2703 1120 2749 ἕως
1139 2702 1179 2745 ἂν
1197 2709 1403 2748 ἀποθάνωσι.
