1798 3163
155 112 242 158 DE
261 75 648 157 HER'omANo
679 88 944 160 EIVSQVE
971 104 1128 163 VERs.
1156 103 1442 151 BERGLER.
1514 118 1611 150 >m

143 229 179 259 ‘2-
204 212 380 264 fvuvwflssv
397 214 494 264 ὖφθη
512 215 557 256 ’νδ
572 224 634 260 τῆς
650 220 829 259 Παλλάδος
839 213 988 263 ἄγαλμα
1001 217 1030 259 Ῑ,
1044 228 1102 262 14,
1114 228 1150 260 7.
1195 215 1407 261 Berglerus:
1441 215 1611 252 deteft'um

98 267 104 281 ³
193 270 367 318 apparuit
386 269 600 305 Palladium.
650 266 750 303 Illud
767 271 943 312 ’γυμνωθὲν
963 278 1043 301 non
1063 264 1232 312 expreffit
1251 263 1470 301 politianus.

144 327 181 366 3.
208 321 276 355 Οὔκ
298 322 475 365 ἀναμείνας
496 323 513 355 ὁ
532 317 737 363 Ἀρτάβανος
757 313 926 359 fixus-aren
950 317 1043 360 αὐτῷ
1060 317 1126 356 IV,
1144 327 1199 356 11,
1218 327 1253 360 4.
1306 313 1511 350 politianus
1531 326 1614 363 ver-

100 375 105 380 ·
190 368 235 404 ba
255 371 313 406 οῠκ
331 372 509 412 ἀναμείνας
527 378 609 403 non
631 364 758 402 vertit.
820 366 1031 414 Berglerus:
1064 364 1224 412 Haudse
1246 364 1431 399 continens
1450 365 1615 400 Artaba-

193 430 260 453 nus
279 417 438 453 0ccurrit
455 416 500 452 ei.
527 416 607 451 vel:
649 427 721 450 nec
740 427 863 451 mora:
900 413 1110 451 Artabanus
1130 414 1280 450 obviam
1300 411 1333 449 ei
1355 413 1536 459 proceffit.

141 479 178 514 4.
193 464 265 504 Ἵνα
285 470 323 509 δῦ
339 472 385 511 μὴ
401 471 515 503 πάντα
543 471 601 502 τὸν
620 470 740 511 ςραιτὸν
760 470 867 512 enfin„
887 464 954 506 lv,
978 474 1034 510 13,
1058 472 1088 504 8.
1143 466 1249 511 Qae
1281 462 1392 498 verba
1419 462 1615 510 Berglerus

193 514 292 551 reste
311 514 444 551 vertit:
480 523 522 551 ne
532 513 672 564 scilieet
691 523 804 550 totum
823 514 1017 551 exercitum
1036 523 1202 550 vexaret.
1263 512 1474 549 Politianus
1504 513 1616 558 plane

189 576 270 601 non
289 563 421 605 vertit,
457 563 516 600 cui
537 564 593 600 vis
613 563 717 610 verbi
743 562 893 600 videtur
914 563 1105 612 incognita
1126 562 1244 599 fuisse.
1295 563 1392 598 Nam
1415 573 1480 597 aut
1504 562 1616 607 plane

192 626 274 650 non
293 611 411 650 vertit
425 638 436 655 ,
470 623 514 650 ut
533 613 570 649 h.
581 613 629 655 1.,
662 624 726 649 aut
746 613 843 650 male
863 613 1000 654 vertit,
1036 623 1080 648 ut
1097 613 1176 654 Vll,
1197 622 1229 659 3,
1251 623 1305 647 10.
1322 611 1384 647 ubi
1409 611 1500 647 illud
1528 610 1615 645 cum

190 664 310 700 verbo
330 664 462 709 σκυλᾷν
484 663 543 700 vel
563 663 670 709 συλᾷν
685 661 835 699 videtur
860 661 1117 704 confundere,
1153 672 1195 697 ut
1211 661 1420 708 Stephanus
1443 660 1481 695 in
1512 672 1616 707 prae-

0 723 2 768 l
189 711 340 750 satione
358 713 400 749 ad
416 711 675 748 Herodianum
695 723 838 748 monet.
890 713 983 749 Non
993 722 1118 747 tamen
1130 709 1277 747 {ilentio
1291 709 1615 758 praetermiserim,

0 783 1 836 1
194 761 319 809 ipsum
344 760 556 798 Salmafium
585 761 632 797 de
654 762 710 799 M.
729 761 775 798 V.
795 774 826 797 c.
845 773 899 806 17.
921 774 956 809 p.
972 770 1057 803 788.
1086 762 1202 797 verbo
1231 766 1386 797 σκύλλειν
1411 758 1617 796 notionem

191 810 294 847 verbi
317 814 465 859 σκυλξὶν,
499 812 572 848 hoc
592 809 664 851 est,
688 811 860 857 raptandi
881 809 1141 859 spoliandique
1159 809 1332 846 tribuere.
1558 811 1563 818 ¹

0 884 1 902 η
150 871 186 908 5·
212 867 252 898 ΕΞ
269 865 339 906 ’γὰρ
358 865 394 898 ἐκ
412 863 472 898 τὸῦ
491 865 681 907 κρείττονος
708 859 883 906 ὑπέρτεροι
907 855 1041 898 ἐδόκουν
1063 862 1287 904 ’γεγεννῆσθαι
1315 866 1346 897 οἱ
1367 865 1533 906 βάρβαροι
1553 858 1617 901 Vl,

192 913 229 950 6,
251 922 265 946 ι
277 922 307 945 1.
357 910 587 946 politianus:
614 910 711 944 Nam
729 910 894 956 quamvis
912 910 996 944 bello
1011 907 1212 957 fiaeperiores
1222 907 1331 956 suff
1351 909 1503 944 barbari
1518 908 1620 944 vide-

196 969 336 997 rentur.
395 959 489 995 lllud
510 964 545 996 ἐκ
564 959 628 995 τοῦ
646 964 833 1004 κρείττονος
852 968 917 994 aut
936 970 1078 993 vertere
1103 956 1290 1005 neglexit,
1321 969 1384 994 aut
1403 958 1447 993 ad
1468 969 1620 1003 compa-

196 1009 307 1046 rativi
330 1007 403 1044 vim
426 1009 629 1056 augendam
657 1006 847 1054 pertinere
873 1006 1041 1055 putavit:
1079 1005 1275 1055 quomodo
1294 1007 1490 1043 Scheidius
1517 1018 1620 1041 acce-

196 1058 277 1106 pit,
302 1058 483 1093 vertendo
502 1057 642 1105 potiore
658 1068 703 1091 ex
720 1066 842 1104 parte,
868 1056 929 1092 vel
942 1057 1050 1104 longe.
1099 1055 1247 1093 Rectius
1258 1056 1470 1105 Berglerus:
1497 1060 1621 1105 q'uam-

194 1108 254 1144 vis
273 1107 366 1142 enim
390 1106 568 1142 divinitus
584 1104 787 1155 superiores
805 1106 1020 1142 viderentur
1039 1106 1108 1153 fui
1135 1120 1151 1141 e
1178 1106 1341 1143 barbari.
1391 1112 1438 1143 Τὸ
1465 1110 1621 1151 κρεῖττον

193 1154 245 1191 est
262 1156 436 1197 Numen,
463 1156 623 1191 Fortuna
648 1166 687 1190 et
706 1154 786 1191 eius
804 1153 872 1193 vis.
923 1160 1120 1202 Κρείττσνες
1139 1155 1226 1191 sunt
1242 1154 1321 1192 Dii.
1348 1168 1383 1191 v.
1405 1155 1549 1192 Aelian.
1570 1155 1621 1189 V.

188 1204 239 1242 H.
259 1204 320 1245 1Π,
342 1216 373 1240 1.
430 1204 539 1242 Adde
558 1203 766 1242 Brodaeum
787 1204 944 1241 Miscell.
965 1206 1012 1246 V,
1032 1209 1095 1253 3³0.
1144 1205 1318 1242 Dorville
1346 1204 1392 1241 ad
1421 1205 1618 1242 Chariton.

192 1265 275 1303 pag.
294 1259 376 1297 265.
428 1265 436 1273 ‘

231 1305 287 1340 Ac
307 1305 352 1341 de
370 1301 427 1339 his
445 1301 548 1339 satis:
581 1301 772 1350 sequitur,
807 1313 852 1340 ut
879 1304 994 1342 etiam
1018 1304 1187 1351 exempla
1211 1303 1395 1345 adferam,
1429 1315 1525 1351 quae
1554 1305 1621 1340 do-

95 1359 275 1391 cumento
293 1352 387 1395 fint,
412 1352 556 1389 sensum
575 1353 777 1390 verborum
797 1353 1068 1402 saepenumero
1089 1354 1222 1391 tetrius
1246 1353 1451 1403 aBerglero
1465 1379 1476 1395 ,
1506 1366 1620 1401 quam

95 1414 118 1439 a
134 1402 322 1440 Politiano
335 1426 346 1443 ‚
383 1402 452 1438 effe
472 1402 688 1449 expressum.

145 1465 180 1490 1.
209 1458 318 1499 Φέςων
335 1458 375 1488 τὲ
399 1468 441 1497 με
462 1457 620 1494 πολλάκις
641 1447 752 1494 virimar
775 1449 858 1491 ι’)’ντα
877 1457 955 1496 ταῖς
980 1453 1159 1499 ὖμετέρκις
1177 1457 1362 1499 ἐνεχείρισε
1375 1457 1486 1491 πίςεσι
1500 1454 1525 1493 l,
1540 1465 1572 1496 5,
1586 1463 1621 1495 9.

192 1501 419 1539 Politianus:
459 1500 544 1550 q'uin
571 1501 753 1548 infamem
777 1516 831 1539 me
851 1502 957 1552 saepe
985 1505 1023 1539 in
1050 1504 1144 1539 ulnis
1168 1503 1314 1553 gestam
1338 1503 1437 1537 vobis
1456 1504 1565 1538 dab-at
1582 1503 1622 1537 in

195 1564 320 1588 manus
334 1577 344 1592 ,
377 1552 539 1599 quasique
558 1550 698 1600 vestrae
717 1554 981 1588 commendabat
988 1553 1091 1600 fidei.
1142 1553 1237 1588 Ecce
1259 1551 1328 1588 tibi
1349 1547 1473 1594 νήπιον,
1501 1551 1564 1599 qui
1585 1550 1623 1587 se

199 1599 426 1642 meminerit,
438 1613 455 1635 a
469 1610 573 1648 patre
584 1601 745 1637 aliorum
760 1599 844 1638 fidei
858 1602 1174 1643 commendatum,
1186 1601 1302 1638 immo
1315 1600 1427 1648 quise
1440 1601 1624 1637 memine-

195 1650 402 1698 rit‚apatre
414 1649 453 1685 in
465 1649 563 1686 ulnis
574 1650 753 1699 gestatum
767 1652 774 1686 !
787 1651 985 1700 Numquid
997 1651 1110 1699 igitur
1121 1651 1159 1688 in
1172 1651 1359 1698 posterum
1369 1650 1585 1692 ridebimus,
1597 1649 1624 1685 fi

196 1699 282 1747 quis
306 1707 430 1735 narret
449 1698 633 1747 aliquem,
673 1700 738 1747 qui
768 1699 804 1736 se
825 1702 865 1738 in
888 1701 1033 1750 gremio
1056 1701 1181 1738 matris
1205 1701 1397 1737 sedentem
1425 1713 1623 1736 mammam

194 1747 295 1785 illius
314 1747 491 1795 appetisse
513 1749 757 1786 meminerit?
800 1750 872 1788 Sed
894 1761 936 1787 ut
964 1752 1233 1792 concedamus,
1263 1750 1453 1786 interdum
1485 1762 1626 1797 pueros

200 1797 274 1834 iam
297 1796 598 1846 grandiusculos,
634 1810 674 1834 ac
692 1799 768 1835 fere
789 1801 976 1845 βούπαιδας
993 1813 1012 1836 a
1039 1800 1203 1847 patribus
1225 1798 1263 1835 in
1285 1799 1385 1836 ulnis
1407 1798 1556 1848 gestari,
1582 1807 1623 1836 τὸ

201 1854 312 1892 ψέξειν
330 1845 388 1880 hic
407 1858 486 1882 non
506 1846 654 1882 videtur
673 1847 771 1883 idem
791 1848 873 1889 esse,
901 1849 1006 1896 quod
1023 1850 1061 1884 in
1081 1850 1175 1885 ulnis
1187 1848 1343 1900 gestare.
1393 1850 1549 1884 (sautior
1562 1847 1625 1885 hic

197 1895 416 1943 Bcrglerus,
451 1894 517 1941 qui
543 1895 675 1930 vertit:
713 1899 927 1943 tradensque
953 1911 1004 1933 me
1019 1899 1125 1947 saepe
1154 1899 1334 1947 infantem
1355 1900 1467 1935 adhuc
1484 1897 1627 1947 vestrae

198 1943 564 1991 commendazvitfidei.
614 1942 717 1989 Qid
739 1943 761 1979 li
782 1945 967 1987 dicerem,
1000 1947 1237 1994 participium
1258 1949 1330 1984 hoc
1349 1955 1457 1994 φέρων
1479 1947 1626 1984 adnecti

199 1992 313 2029 etiam
334 1992 413 2033 hic,
436 2003 478 2029 ut
496 1992 602 2038 saepe
623 1994 730 2034 alias,
757 2004 911 2030 ornatus
933 1994 1045 2042 magis
1065 2008 1173 2043 quam
1193 1996 1476 2047 significationis
1495 1996 1626 2039 caussa,

201 2042 341 2082 verbo,
377 2042 476 2089 quod
497 2043 786 2080 commendandi
817 2044 1034 2089 potestatem
1059 2045 1193 2088 habet,
1230 2047 1340 2093 eique
1360 2058 1527 2090 promtae
1557 2060 1626 2082 vo-

202 2089 378 2132 luntatis,
411 2090 504 2126 adde
523 2090 634 2138 etiam
655 2091 960 2133 consuetudinis,
997 2094 1070 2130 vim
1093 2094 1249 2136 addere,
1285 2106 1328 2132 ut
1348 2097 1488 2133 docent
1507 2097 1626 2133 Hem-

198 2139 345 2177 sterhus.
362 2141 406 2177 ad
427 2140 580 2177 Lucian.
594 2143 622 2180 1.
646 2150 725 2187 349-
754 2153 794 2178 et
811 2143 985 2178 Dorville
1004 2143 1048 2178 ad
1068 2143 1262 2180 Chariton.
1287 2159 1320 2193 p.
1337 2146 1446 2189 ςιό..2

153 2201 189 2227 2.
214 2195 281 2230 Τὴν
298 2194 580 2236 προϋπάρχουσκν
599 2189 710 2236 φήμην
722 2193 749 2233 1,
764 2203 819 2236 ¹4·
837 2203 890 2227 12.
945 2191 1152 2229 politianus
1173 2193 1470 2242 vertit:fizmam
1490 2202 1624 2232 rerum.

202 2238 350 2277 Restius
371 2240 583 2288 Berglerus:
615 2242 828 2288 praecedens
849 2253 957 2277 omen.
1004 2242 1103 2286 Φήμη
1133 2242 1195 2278 hic
1222 2257 1301 2280 non
1331 2246 1380 2281 est
1401 2243 1520 2287 fama,
1562 2245 1625 2281 sed

203 2300 315 2325 omen
333 2299 371 2326 et
392 2288 627 2337 praesagium.
676 2289 828 2326 Dicitur
846 2289 1001 2337 quidem
1020 2292 1244 2342 plerumque
1262 2290 1357 2340 φήμη
1371 2295 1416 2332 de
1435 2289 1562 2331 omine
1580 2307 1626 2331 ex

205 2336 349 2380 verbis,
385 2337 446 2374 sed
473 2349 511 2373 et
529 2338 576 2374 de
598 2338 728 2374 omine
747 2353 791 2376 ex
814 2341 936 2377 rebus.

152 2397 188 2436 3.
214 2393 294 2434 fleg>
314 2395 374 2429 τῆς
395 2389 564 2434 συνεδρίαις
582 2396 743 2433 χαλεπῶς
763 2392 961 2435 ἀπωδύρετο
981 2391 1007 2433 l,
1031 2400 1064 2432 8,
1088 2403 1147 2428 10.
1196 2391 1421 2431 Politianus:
1452 2392 1626 2442 graw'ffi-

207 2449 260 2473 me
277 2437 317 2472 de
335 2445 477 2485 accepta
501 2437 638 2473 iniuria
655 2437 849 2488 conquqlla.
900 2439 1022 2477 Nimis
1044 2441 1278 2488 generaliter.
1333 2445 1547 2492 Berglerus:
1583 2447 1627 2480 de

193 2484 352 2536 statione
362 2487 537 2534 graviter
553 2486 745 2537 conquesta.
799 2490 887 2529 Quo
911 2489 994 2525 loco
1015 2502 1160 2532 monet,
1185 2491 1280 2528 illud
1297 2497 1464 2540 συνεδρίοις
1479 2494 1626 2543 frustra

199 2534 383 2585 filia-itari
404 2548 427 2571 a
445 2536 640 2585 Stephano:
674 2547 809 2574 ceteros
830 2550 899 2574 non
916 2539 1010 2575 relle
1035 2541 1250 2588 intelligere.
1307 2541 1457 2579 Scilicet
1481 2540 1629 2583 Bcrvzle-

187 2590 268 2622 'rus
288 2585 360 2620 hoc
384 2587 602 2622 vocabulum
623 2598 753 2632 capere
774 2586 924 2624 videtur
948 2589 994 2624 de
1012 2587 1254 2631 stationibus,
1285 2604 1380 2639 quae
1401 2591 1439 2627 in
1463 2586 1629 2629 urbe‘r'c-

206 2647 244 2671 re
265 2633 465 2681 unicuique
483 2634 611 2684 generi
635 2636 831 2672 hominum
851 2648 971 2674 certae
989 2648 1028 2674 et
1042 2637 1213 2676 solennes
1234 2651 1353 2682 erant,
1381 2654 1549 2690 quaeque
1572 2645 1630 2678 lo-

145 2690 150 2695 ·
207 2694 249 2720 ca
271 2683 568 2733 publicati-ant,
603 2684 643 2724 in
663 2697 780 2730 quae,
805 2685 942 2736 quibus
957 2688 1130 2734 vacabat,
1150 2690 1357 2728 convenire
1377 2691 1546 2730 solebant
1567 2693 1627 2731 vel
