1798 3163
105 127 298 206 .LiBER
320 156 361 203 Ι..
386 151 636 201 CAP.V1L
674 152 729 197 A.
754 151 812 197 v,
839 150 1050 205 c.933..
1073 148 1293 196 CHR.N.
1316 153 1432 198 180.
1479 160 1576 204 241

52 273 130 331 ζει-ὲ·-
144 270 238 331 ‚cml
277 266 458 327 ,πάντα
511 262 808 334 ἐπιφεςόμευοι
842 270 1048 333 laurigeri
1063 279 1105 315 et
1116 270 1261 327 omnia
1279 269 1420 315 secum
1443 270 1582 317 feren-

72 334 190 405 οἷν-θη
209 388 220 407 ,
244 343 366 393 ’τότε
405 337 704 408 ἀκμάζοντα,
753 339 808 394 ὦς
844 357 907 391 tes
930 344 1092 392 florum
1118 361 1293 405 genera,
1318 357 1411 397 tum
1435 348 1580 406 vigerr

0 471 4 474 ‚
70 423 234 477 gum-&4-
259 420 400 478 σ-ῗόσ-τε
423 424 443 459 .'‘
466 416 531 476 ἦν,
573 414 710 486 πόρῥω
732 417 820 470 τῆς,
843 423 918 484 tia,
958 432 1007 467 ut
1028 422 1214 484 quisque
1232 431 1407 485 poterat
1424 421 1582 486 procul

158 535 192 571 x)
217 524 276 566 οἷὸξ
291 539 325 561 τι
340 527 382 560 fic
399 525 543 560 divisum
562 535 639 556 cum
657 524 818 556 omnibus
836 524 912 556 edd.
943 524 978 555 in
998 526 1089 566 Stp.,
1119 523 1214 556 secus
1233 534 1271 556 ac
1291 532 1322 560 1,
1342 526 1376 562 6,
1399 533 1455 558 ει.
1473 538 1519 561 m.

69 622 176 659 hunc
195 617 316 658 Nostri
335 616 458 653 locum
478 627 518 651 et
540 616 695 652 alterum
715 622 752 655 8,
773 617 808 653 6,
831 626 885 650 10.
898 627 931 651 e.
951 614 1098 655 laudat,
1125 625 1183 662 ap.
1202 614 1247 649 G.
1261 614 1336 649 Th.
1358 627 1440 651 cum
1453 616 1517 652 Gr.
1539 629 1578 654 n.

55 663 273 716 5„laur12fer.
295 685 336 693 —-
356 667 498 702 laurum
519 663 656 704 ferens,
681 683 719 691 —-
748 665 910 712 lauriger
923 689 933 705 ,
952 685 991 691 --
1020 663 1116 700 idem
1129 687 1141 704 ,
1176 665 1229 707 (et
1250 676 1283 698 v.
1303 664 1426 700 laurus
1443 674 1504 709 48,
1525 669 1578 712 3.)

68 719 140 756 hac
158 717 316 757 vistores
336 715 496 761 Delphis
527 713 720 754 coronari,
762 724 799 748 et
829 714 1101 758 triumphantes
1124 714 1288 748 Romae·⁶
1318 713 1410 749 nihil
1440 715 1487 751 <ie
1506 725 1577 762 po·-

69 766 152 817 puli
174 767 293 806 lauro,
320 777 391 802 nec
409 777 442 799 v.
465 765 666 803 laureatus,
693 774 761 797 nec
777 775 834 809 ap.
854 763 994 809 Spanh.
1016 762 1060 798 ad
1080 762 1170 797 Call.
1184 786 1194 802 ,
1223 774 1256 796 v.
1278 763 1357 797 lnd.

74 851 79 856 .
115 817 246 861 πάντα)
272 814 332 851 Ad
362 815 437 850 hoc
464 812 532 848 adi.
554 812 763 859 usurpatum
782 825 800 846 a
823 811 862 846 P.
884 811 966 848 adv.
990 811 1159 847 descrens
1177 813 1263 860 Bg..
1292 810 1451 848 affumfit
1473 811 1580 852 subst.

58 872 175 911 ,γένῃ
199 874 341 900 mutato
363 863 424 899 Gr.
447 860 552 898 subst.
572 865 650 898 ἀνθ.
672 860 712 896 in
729 872 814 906 gen.
828 884 838 901 ‚
865 868 959 908 quae
980 861 1074 897 ratio
1089 859 1324 896 convenitad
1340 864 1484 897 lenium
1496 875 1581 900 cum

58 915 160 956 1hac,
185 913 298 949 omnis
315 911 462 960 generis
472 911 581 959 stores
594 935 605 950 ‚
632 909 712 946 casu
733 912 796 947 Gr.
813 909 916 946 subst.
935 910 1099 950 servam,
1126 909 1187 945 led
1200 932 1211 949 ‚
1241 922 1382 955 praeter
1401 911 1581 949 adscitum

63 975 224 1012 ¹quoque
245 964 308 1009 Bg.
328 960 430 997 [ubst.
444 983 455 1000 ‚
481 959 640 1006 expreffo
664 958 735 994 adi.
754 971 875 996 muna
895 971 980 995 cum
1001 958 1106 994 subst.
1128 970 1193 1004 per
1212 970 1318 1005 gem,
1344 959 1436 995 ficut
1447 959 1503 995 his
1517 974 1581 1007 par

69 1016 134 1055 est,
159 1011 221 1049 1ed
244 1011 411 1057 po'e'ticus
431 1009 558 1056 magis,
586 1007 717 1044 modus
737 1021 801 1054 per
819 1007 890 1042 adi.
908 1019 946 1044 et
965 1006 1325 1054 substamnigenos—
1340 1008 1458 1054 flores,
1476 1009 1578 1055 quod

68 1075 131 1109 ap.
156 1061 202 1097 G.
220 1061 293 1096 Th.
323 1062 532 1102 ῃπαντσῖος,
570 1057 691 1092 omnis
721 1056 892 1103 generis“
919 1070 980 1092 me
1001 1055 1188 1092 servaturo
1218 1055 1384 1092 severum
1411 1071 1581 1094 omnes-

62 1110 196 1160 fhres,
217 1107 265 1144 cf.
288 1120 319 1150 1,
342 1121 375 1148 2,
397 1121 455 1153 4.,
482 1106 642 1142 addente
667 1116 792 1142 autem
810 1104 894 1141 Sch.
924 1103 1063 1153 aliquid
1092 1105 1135 1139 ad
1158 1106 1194 1139 P.
1218 1104 1258 1140 in
1281 1118 1314 1140 v.
1344 1111 1421 1148 ,,ἐπ.
1450 1106 1582 1144 conse-

64 1158 316 1207 sentesflores
335 1154 491 1193 honoris
510 1155 639 1190 causa“
665 1165 742 1201 quo
765 1152 930 1200 compos.
951 1156 1027 1191 Lat.
1051 1165 1152 1189 caret
1170 1157 1252 1201 Stp.
1272 1155 1346 1190 Th.
1359 1181 1369 1196 ,
1405 1157 1514 1203 super-
1533 1170 1579 1193 eo

69 1207 243 1247 differens
262 1204 308 1242 ad
330 1219 376 1241 m.
392 1205 450 1245 P„
477 1215 519 1240 ut
541 1203 644 1240 malit
663 1201 823 1252 efferre,
848 1203 922 1239 hoc
938 1204 1050 1239 etiam
1070 1203 1220 1239 aliunde
1242 1213 1376 1241 tenens
1393 1205 1432 1241 in
1454 1208 1526 1242 Th.
1543 1220 1580 1251 4,

70 1268 152 1300 105.
173 1257 209 1293 F,
230 1268 258 1290 e.
273 1277 284 1295 ,
312 1266 381 1302 qua
402 1265 453 1299 pr.
471 1253 551 1289 Lat.
572 1255 623 1288 acl
647 1251 814 1289 redditur
843 1256 896 1289 ἐπὶ
921 1264 1073 1300 quoque
1094 1252 1133 1288 in
1154 1252 1235 1288 aliis
1255 1264 1288 1288 ν.
1308 1266 1364 1295 ν.,
1400 1255 1449 1290 cf.
1470 1256 1512 1290 Z.
1535 1256 1580 1291 ad

67 1306 156 1353 Vig.
176 1317 210 1352 p.
223 1307 308 1351 609.
329 1316 360 1339 e.
381 1303 446 1339 Nr.
461 1315 519 1348 4..
541 1301 602 1338 sed
623 1314 660 1337 et
678 1313 744 1348 per
760 1313 822 1336 con
843 1314 876 1347 p.
895 1302 947 1349 sq.
969 1314 1000 1337 a.
1019 1314 1068 1337 m.
1088 1303 1154 1338 Nr.
1168 1305 1224 1344 6..
1253 1303 1417 1340 nostrum
1439 1305 1503 1341 Gr.
1525 1317 1583 1342 te-

66 1364 187 1393 nente
204 1353 251 1389 G,
272 1351 346 1389 Th.
368 1361 515 1388 tantum
535 1350 574 1386 in
596 1351 674 1398 Stp.
690 1376 702 1393 ‚
737 1349 799 1386 sed
817 1351 901 1388 Grr.
921 1350 965 1386 al.
990 1349 1030 1388 in
1052 1353 1115 1398 Eg.
1134 1351 1270 1398 fimpl..
1303 1353 1365 1400 qui
1393 1354 1428 1389 h.
1448 1354 1474 1389 l.
1502 1354 1581 1392 vim

67 1404 166 1442 med.
189 1403 283 1439 bene
306 1401 451 1444 reddit,
477 1412 520 1436 ut
538 1399 622 1441 alii,
654 1399 878 1436 nominatim
899 1401 959 1437 Sb.
984 1399 1153 1440 inferius,
1180 1401 1327 1437 cf.1nd.
1348 1404 1466 1439 Dion.
1488 1405 1583 1447 Cas..

66 1453 189 1491 rursus
210 1453 368 1488 abeunte
380 1452 416 1485 P.
438 1452 477 1485 in
494 1449 544 1497 sq.
559 1474 570 1490 ‚
596 1449 658 1485 ubi
677 1450 758 1486 Sch.
784 1453 890 1493 ,,ιἰκμ.
905 1451 1217 1499 maturosflores“
1239 1462 1276 1486 at
1287 1453 1449 1498 Stp.Th.
1462 1455 1583 1489 aliun-

67 1503 119 1540 de
139 1514 226 1538 cum
245 1503 329 1549 Eg..
356 1497 405 1534 cf.
425 1500 510 1535 Exc.
531 1498 577 1533 ad
600 1511 631 1539 1,
647 1508 745 1545 3,3.‚
771 1511 829 1547 ap.
847 1502 890 1535 G.
904 1500 979 1534 Th.
997 1511 1082 1535 curn
1099 1501 1164 1536 Gr.
1183 1513 1222 1545 n,
1241 1512 1280 1537 et
1302 1502 1486 1544 „viridem
1500 1504 1584 1547 else,

67 1553 148 1598 (sed
169 1550 209 1587 in
229 1549 304 1587 hoc
324 1550 410 1593 adi.)
425 1550 574 1597 plantas
596 1548 752 1584 dicimus
773 1549 934 1589 virides,
957 1560 1049 1595 quae
1068 1553 1238 1586 nondum
1259 1563 1456 1592 aruerunt,
1482 1563 1522 1588 et
1542 1554 1582 1589 in

69 1601 202 1649 vigore
222 1599 288 1636 suo
310 1598 420 1642 suut“
446 1598 469 1634 i.
487 1597 707 1634 conditione
724 1597 866 1644 optima
886 1598 1005 1634 adhuc
1018 1621 1029 1639 ,
1059 1599 1185 1635 colore
1201 1611 1240 1635 ac
1252 1600 1508 1647 pulcritudine
1519 1615 1584 1638 na·

69 1648 202 1690 turali3
228 1647 337 1684 nobis
356 1657 399 1683 ut
419 1657 460 1684 et
475 1645 536 1683 hic
551 1645 705 1683 sufficiat
724 1647 821 1683 illud
838 1648 973 1684 bliihen.
1025 1649 1222 1685 Caeterum
1242 1650 1362 1686 Leisn.
1381 1649 1422 1686 in
1446 1664 1496 1687 m.
1509 1653 1583 1689 Ox.

70 1696 198 1742 „Voffi
215 1699 259 1734 ad
279 1696 380 1733 Caes.
401 1698 435 1732 b.
455 1697 504 1732 G.
523 1704 558 1736 8,
581 1701 665 1739 51.‹‘
691 1708 802 1744 quem
829 1697 931 1734 Caes.
958 1696 1083 1733 locum
1111 1697 1276 1735 dabimus
1305 1710 1440 1737 totum.
1488 1703 1585 1741 ..L-'x-

69 1756 188 1796 ceptus
206 1745 253 1795 cst
270 1743 430 1781 Caesaris
451 1746 627 1781 adventus
645 1746 688 1782 ab
709 1745 884 1782 omnibus
901 1745 1113 1793 municipiis
1133 1758 1171 1783 et
1191 1747 1352 1785 coloniis
1373 1749 1584 1786 incredibili

71 1797 220 1833 honore
247 1805 360 1840 atque
390 1805 527 1841 amore.
545 1813 581 1821 —
615 1793 722 1830 Nihil
747 1793 1049 1841 relinquebatur,
1085 1798 1188 1840 quod
1206 1797 1250 1832 ad
1273 1810 1444 1835 ornatum
1464 1813 1586 1847 porta-

73 1857 179 1884 tum,
208 1842 407 1883 itinerum,
442 1841 612 1877 locorum
629 1841 821 1883 omnium,
856 1855 926 1891 qua
951 1843 1078 1879 Caesar
1096 1855 1218 1882 iturus
1240 1857 1336 1887 erat,
1378 1848 1586 1896 excogitari

73 1891 204 1942 pulset.
256 1893 352 1926 Cum
378 1890 500 1926 liberis
530 1891 641 1926 omnis
662 1891 849 1927 multitudo
868 1890 1015 1928 obviam
1033 1896 1265 1940 procedebam
1298 1896 1436 1933 hostiae
1463 1897 1588 1934 omni-

73 1945 144 1981 bus
164 1940 257 1977 locis
277 1939 586 1980 immolabanrur;
624 1939 798 1975 tricliniis
819 1940 934 1977 stratis
954 1940 1034 1976 fora
1061 1943 1274 1992 templaque
1293 1947 1584 1993 occupabantur,

75 2003 120 2029 ut
135 1989 194 2026 vel
213 1985 478 2038 expellatiffimi
497 1988 672 2035 triumphi
698 1989 842 2025 laetitia
865 1989 1027 2036 praecipi
1047 1990 1175 2037 poss'ct.
1236 1992 1349 2029 'lbnta
1361 1998 1589 2041 eratmagrm‘-

67 2039 220 2091 ficentia
237 2051 293 2085 ap.
312 2037 586 2084 opulentiores,
613 2038 791 2086 cupiditas
802 2051 859 2085 ap.
878 2039 1106 2075 humiliores‘·
1129 2039 1172 2075 ad
1191 2041 1294 2078 cuius
1308 2044 1478 2081 itinerum
1490 2037 1588 2082 Vols.

75 2091 127 2128 N.
152 2087 282 2130 „vult,
298 2086 450 2134 floribus
471 2097 509 2123 et
532 2088 670 2124 coronis
683 2085 876 2134 conspersa
900 2087 990 2128 ess'e;
1018 2088 1119 2135 quod
1142 2089 1233 2126 olim
1255 2093 1414 2138 pbpulus·
1433 2093 1586 2136 solebat,

77 2149 166 2176 cum
193 2136 327 2186 gaudio
356 2135 515 2183 aliquem
547 2147 781 2183 excepturus.
808 2157 848 2167 —
875 2137 921 2172 Et
950 2136 996 2172 de
1023 2137 1192 2174 Curione
1217 2141 1284 2176 Tr.
1317 2144 1369 2188 pl.
1397 2142 1449 2179 ait
1477 2145 1587 2186 Plus„

75 2199 187 2227 eum,
219 2185 389 2233 superato
412 2186 450 2221 in
471 2182 648 2233 suffragiis
671 2184 874 2231 Pompeio,
896 2184 1028 2222 florum
1050 2187 1221 2224 conicrsstu
1242 2190 1449 2238 plausuque
1468 2205 1486 2228 a
1511 2195 1586 2240 ple—

76 2239 126 2277 Be
145 2245 344 2283 exceptum
363 2233 453 2275 esse,
481 2234 630 2281 κςίκεῖνῡς
649 2239 707 2279 μὲν
730 2239 775 2285 ὡς.
792 2237 956 2278 νενικηκές
976 2256 1016 2262 m*
1035 2241 1081 2276 εἷς
1100 2236 1159 2273 τᾶν
1181 2242 1278 2281 bisam
1301 2240 1460 2285 έξῆλχγρ,
1480 2241 1587 2290 κςᾶγω

79 2293 134 2326 a>
159 2287 533 2328 βολαῖςςιφᾶνων-κειὶ
563 2287 671 2321 ἀνθῶν
700 2287 874 2328 δεξάμενον
898 2281 1015 2322 αὐτόν.
1069 2285 1187 2322 Addit
1215 2298 1341 2324 autem
1360 2295 1402 2332 02,-
1425 2309 1509 2333 nv..
1545 2286 1589 2331 u't

77 2333 268 2372 ostendat.
293 2332 421 2368 solitos
444 2332 599 2369 viliores
618 2345 665 2369 eo
687 2332 832 2368 honore
852 2334 959 2371 affici.
1014 2335 1108 2371 Nam
1128 2348 1243 2373 nemo
1269 2338 1428 2381 ianorar,
1458 2341 1589 2379 seliros

75 2383 118 2424 in
137 2381 292 2419 Graecia
313 2381 468 2418 athletas
488 2393 527 2418 et
547 2382 817 2429 olympionicas
836 2381 971 2419 florum
992 2383 1085 2420 iactu
1111 2385 1206 2428 coli;
1241 2378 1343 2424 udde
1364 2401 1475 2428 notae
1500 2391 1589 2429 illae

76 2435 283 2478 ἅυθοβσλίας
300 2442 339 2467 et
360 2436 589 2476 φυλλοβολίας
609 2442 728 2468 voceS.
781 2431 871 2477 Νοῃ
891 2432 977 2469 solis
998 2444 1126 2469 tamen
1147 2433 1311 2477 athletis.
1336 2437 1397 2474 sed
1419 2451 1456 2475 et
1476 2440 1588 2476 maxi-

75 2494 141 2523 mo
160 2481 296 2528 cuique
318 2478 404 2516 duci
428 2479 466 2515 id
483 2478 637 2516 honoris
656 2479 864 2517 hnbstumu
875 2484 942 2534 νΙί
963 2483 1098 2529 quibus
1126 2495 1204 2519 non
1230 2495 1373 2523 tantum
1397 2486 1590 2527 firmantur

12 2535 13 2538 ’
73 2530 203 2581 qliquo
231 2529 358 2576 pasto,
397 2539 492 2576 quae
522 2529 624 2576 supra
646 2528 803 2566 diximus
830 2530 943 2567 inesse
964 2533 1142 2579 quaedam
1163 2533 1342 2582 triumphi
1365 2538 1513 2586 vestigia
1546 2541 1588 2577 in

74 2577 199 2620 verbis
218 2577 364 2618 Nostri.
397 2577 461 2625 qui
487 2588 526 2614 et
542 2579 602 2613 hic
623 2580 736 2615 modo
754 2578 967 2626 limpliciter
986 2593 1063 2616 rem
1083 2582 1277 2629 eloquitur
1297 2583 1338 2622 in
1364 2603 1401 2625 π,
1427 2593 1522 2633 ime.
1543 2594 1591 2630 fc..

56 2626 153 2674 «fine
170 2627 272 2664 causa
293 2625 437 2674 aliqua,
466 2626 604 2665 deinde
625 2628 658 2676 §.
680 2640 733 2663 ιι.
754 2629 937 2669 dicturus.
963 2631 1144 2678 populum
1165 2643 1243 2667 non
1264 2645 1418 2672 ornatu,-
1434 2649 1522 2685 crgo
1537 2639 1589 2673 l'c-

80 2687 166 2714 cum
184 2675 345 2714 attuliss‘e
362 2688 403 2711 ac
432 2675 574 2725 gestaffe
604 2688 760 2714 coronas
790 2689 828 2713 et
847 2677 939 2714 serta
967 2693 987 2714 e
1004 2680 1113 2715 variis
1134 2680 1309 2725 floribus,
1343 2686 1404 2722 sed
1432 2687 1591 2723 honoris

81 2723 215 2775 gratia,
239 2736 285 2764 ut
300 2725 364 2761 ista
383 2724 595 2774 spargerent
613 2738 676 2773 per
699 2726 798 2769 vias,
833 2727 894 2764 sed
914 2739 952 2764 et
972 2728 1011 2764 in
1033 2729 1153 2776 ipsum
1173 2731 1444 2780 Commodum,
1485 2747 1527 2774 ut
1551 2736 1592 2773 in

79 2771 261 2815 viantem
277 2785 318 2812 ac
340 2773 487 2818 ducem,
515 2786 535 2812 e
556 2775 658 2814 bello
679 2774 726 2812 ad
747 2776 984 2825 triumphum
1004 2789 1106 2816 nunc
1127 2779 1360 2820 redeuntem.

874 2837 919 2891 Q
