1772 3158
90 164 262 211 LIBER
281 164 316 207 I.
355 162 479 207 CAP.
498 159 618 204 VIII.
658 161 712 205 A.
738 158 794 202 V.
819 159 867 204 C.
897 167 1019 212 93¹3.
1056 157 1195 231 CHR.
1216 157 1280 203 N.
1301 161 1419 208 180.
1465 170 1487 212 3
1503 172 1525 204 2
1541 172 1563 213 3

56 274 108 330 δὲ
136 278 214 343 καὶ
247 276 447 345 Πεξέννῖῳ
480 271 716 344 πξὸφοισῖς
748 292 795 321 τε
829 286 921 323 tem
968 286 1011 324 et
1053 279 1241 324 Perenni
1282 278 1447 328 occasio
1509 291 1569 328 at·

51 347 146 405 κάἷ
173 350 392 405 ὑπὸθΞο-ις
435 347 672 418 advolam-
732 350 796 396 ἐκ·
833 370 918 416 que
964 352 1139 400 materia
1183 350 1412 404 sufficiens.
1487 361 1569 403 Ex-

56 428 232 480 κόπτειν
255 424 348 496 ‘yde
368 427 435 475 ds}
455 425 531 474 καὶ
557 422 744 473 κολούειν
770 436 792 470 q
827 429 970 476 cidere
1015 431 1133 477 enirn
1173 429 1342 495 semper
1367 424 1428 477 set
1479 449 1568 479 am-

77 579 82 587 -
134 563 182 602 η)
206 547 269 590 Ms.
288 557 342 588 Ba.
359 557 489 589 κολοῦειν
507 555 597 593 «31³⁸,
621 554 712 597 quod
732 553 896 595 posterius
913 555 1004 586 23er
1023 554 1162 595 potius,
1185 564 1286 598 quam
1303 557 1383 597 κεῖν-ᾦ
1394 540 1454 588 effe
1464 563 1566 599 puto.

57 602 164 642 Mart.
200 605 261 637 Per
279 602 355 634 edd.
376 612 447 634 etat
465 603 598 637 κωλύειν,
629 599 685 632 sed
704 600 737 631 in
757 601 825 641 Ing.
846 610 876 635 1.
904 602 1040 637 κολόειν,
1062 610 1095 635 v.
1106 600 1153 634 N.

56 714 277 755 minativum
298 714 410 751 habet
430 712 468 750 id
486 727 523 750 v.
536 739 547 757 ,
575 725 619 751 ut
638 713 715 762 syn.
738 713 853 750 verbo
873 712 981 750 subst.
1004 710 1106 756 εἶναι,
1133 724 1244 761 quam
1265 713 1462 752 notionem
1482 727 1570 753 cum

57 777 229 812 tempore
249 766 321 800 hoc
340 763 465 800 nostro
485 775 588 800 tenet
612 762 763 800 aliunde
784 765 861 810 Stp.
886 763 960 798 Th.
987 775 1017 804 ι,
1038 774 1119 806 555.
1139 765 1187 800 G.
1212 764 1233 798 i.
1254 764 1351 812 p.sq.
1375 765 1422 805 i.;
1456 778 1494 800 re
1513 778 1571 801 re-

58 818 199 854 deunte
220 813 376 855 eodem,
412 812 438 848 s1
458 814 542 861 quis
569 810 656 855 αὕτη
677 812 845 859 suppleat
864 810 933 854 fic,
967 824 1011 849 ut
1030 812 1201 858 relpiciat
1229 825 1284 860 pr.
1307 814 1337 861 ᾗ.
1356 813 1462 850 subst.
1486 820 1570 860 φ’ων.

56 868 100 903 ln
118 864 169 910 sq.
187 876 289 910 προφ.
307 866 370 910 Bg.
394 874 458 898 aut
477 875 498 898 e
519 865 553 898 P.
568 887 578 904 ,
606 874 670 897 aut
689 875 732 897 ex
751 863 831 908 Stp.
850 863 922 897 Th.
939 874 976 907 4.
1004 871 1104 907 1733.
1130 862 1170 897 C.
1190 873 1222 897 e.
1244 875 1278 909 p.
1298 863 1348 909 sq.
1371 865 1413 899 C.
1436 877 1467 900 e.
1488 864 1568 912 sqq.

59 912 231 954 aliunde,
264 912 314 949 cf.
333 911 452 947 Thuc.
473 923 551 954 155,
566 923 621 955 57.
650 910 732 947 Zos.
755 922 790 957 3,
817 923 870 951 ιο,
890 915 923 945 6.
946 920 978 951 8.
998 912 1078 947 Ind.
1097 912 1205 946 Dem.
1220 934 1231 951 ,
1267 912 1325 947 cui
1347 914 1460 949 multa
1479 913 1577 950 adii-

59 964 93 1000 ci
118 960 264 1009 poss'unt
283 961 385 1003 loca,
412 961 510 996 Foel’.
531 963 622 997 Oec.
641 973 679 996 et
697 962 733 996 L.
761 965 843 995 ατη.
858 985 869 1001 ,
894 960 957 995 ubi
980 961 1072 996 adeo
1095 958 1264 996 redditur
1287 962 1440 1008 perLat.
1459 973 1575 999 mate-

58 1013 139 1052 ria,
165 1022 240 1055 quo
261 1013 324 1058 ssg.
345 1009 520 1058 exprimit
539 1009 590 1056 sq,
608 1008 689 1050 ὅπη,
716 1009 777 1045 ubi
800 1009 858 1044 Sb.
880 1009 1276 1054 Iud-fundamentum,
1312 1021 1350 1046 et
1375 1011 1465 1046 hinc
1484 1013 1573 1048 Sch.

57 1061 354 1110 „fundamentum
373 1060 423 1095 rei
439 1058 637 1107 sufficiens,
661 1077 697 1085 —
722 1062 800 1094 αὐτ.
820 1057 894 1092 suff.
914 1062 1151 1104 praetextus“
1185 1056 1246 1092 sed
1275 1058 1338 1094 hic
1358 1058 1433 1095 fine
1453 1060 1571 1102 subst..

60 1121 105 1148 ut
122 1109 280 1151 nescias,
306 1121 352 1144 an
371 1120 475 1154 προφ.
494 1107 540 1143 fic
561 1107 734 1147 verterit,
768 1104 859 1142 ficut
887 1105 943 1143 ὗπ.
965 1106 1001 1141 h.
1024 1107 1043 1141 l.
1069 1103 1207 1141 valebit
1227 1107 1338 1143 eriam
1368 1121 1434 1153 pro
1458 1110 1576 1156 causta,

59 1159 255 1209 quomodo
277 1168 316 1194 et
336 1167 489 1192 vertunt
508 1156 593 1196 alii,
619 1155 666 1192 cf.
689 1157 725 1191 L.
749 1155 833 1190 Ern.
854 1156 915 1192 Rs.
934 1155 977 1190 nd
1003 1155 1106 1191 Polb.
1129 1168 1162 1201 ρ.
1179 1159 1259 1201 360.
1281 1169 1312 1191 e.
1336 1158 1481 1194 D’Orv.
1505 1159 1576 1196 Ch.

56 1221 98 1257 p.
123 1214 203 1252 387.
223 1220 296 1247 m.,
332 1207 398 1243 sed
424 1216 464 1241 et
490 1220 549 1250 πρ.
574 1205 680 1241 Indd.
710 1205 825 1243 xen..
858 1215 901 1240 ut
921 1206 1002 1251 Stp.
1026 1205 1099 1240 Th.
1130 1202 1280 1240 aliunde
1306 1206 1389 1247 „tiz--
1415 1207 1575 1252 occafio,

57 1267 291 1306 praetextum,
320 1255 344 1293 i.
363 1267 395 1291 e.
418 1251 632 1304 xgo'cxyfaoe“
659 1267 678 1289 e
692 1253 782 1291 Bud.
802 1255 845 1289 C.
866 1264 943 1301 253,
956 1265 1013 1300 40.
1043 1266 1125 1298 259,
1140 1266 1217 1296 ει,
1245 1254 1442 1292 videantur
1460 1257 1578 1295 uthic

55 1318 149 1355 pom
177 1317 241 1352 per
261 1303 340 1350 syn.
360 1304 529 1350 copiam,
561 1303 652 1340 ficut
670 1316 726 1348 ap.
739 1302 863 1340 Thuc.
889 1315 969 1347 175,
993 1314 1051 1350 34.
1078 1309 1268 1348 προφάσεις
1291 1313 1346 1341 καὶ
1365 1311 1490 1349 αἰτίοις,
1512 1320 1577 1343 ra-

58 1357 171 1392 tiones
189 1365 229 1389 et
246 1351 392 1402 causas,
419 1363 457 1389 et
477 1351 657 1388 nostrates
677 1352 781 1388 fimul
802 1353 935 1388 Grund
950 1352 1029 1388 und
1056 1353 1229 1400 Ursache‚
1258 1353 1423 1390 cf-Suid.
1439 1365 1471 1398 3,
1493 1367 1576 1402 555.

59 1405 85 1441 i.
106 1403 184 1444 ὁππ,
207 1422 246 1431 —·
265 1408 384 1444 αἰτίαι,
412 1401 455 1439 it.
478 1411 559 1442 208.
573 1415 618 1437 m.
643 1400 843 1447 πρόσχημα,
864 1422 902 1428 ·-
920 1398 1092 1449 πρέφασις
1107 1429 1117 1445 ,
1151 1411 1189 1437 et
1210 1403 1259 1450 sq.
1275 1427 1285 1444 ‚
1321 1416 1400 1440 non
1422 1396 1507 1441 c'oll.
1531 1406 1579 1442 ad

58 1453 145 1491 Hes.
168 1465 202 1492 2,
226 1465 328 1497 ¹054·
349 1466 406 1494 e.·,
442 1451 508 1500 qui
540 1456 642 1487 1062.
664 1451 688 1487 i.
712 1448 907 1498 πρόφασις,
940 1457 1058 1492 αἰτία,
1092 1457 1250 1497 ἀφορμὴ,
1287 1457 1472 1500 (quocum
1494 1457 1580 1504 Stp.

57 1503 134 1540 Th.
156 1512 347 1549 comparat
364 1501 460 1537 refle
480 1515 514 1536 v.
535 1510 659 1546 recep„
686 1500 736 1536 cf.
754 1514 785 1541 1,
801 1511 833 1547 3,
853 1502 924 1548 ις.)
940 1502 981 1537 it.
1000 1513 1100 1546 1470.
1124 1515 1172 1537 m.
1193 1501 1386 1544 ὁποθέοεις,
1409 1525 1444 1531 -
1458 1510 1578 1549 ala-tm,

58 1557 270 1598 προφάσεις,
300 1550 361 1587 sed
383 1564 439 1598 ap.
462 1552 510 1587 G.
534 1551 608 1586 Th.
628 1550 669 1586 in
688 1552 752 1598 ssg.
771 1560 900 1586 mater.
921 1563 1004 1586 cum
1026 1553 1090 1587 Gr.
1110 1564 1146 1586 n.
1174 1552 1431 1593 ,‚omneillud,
1458 1567 1479 1589 e
1500 1567 1578 1602 quo

61 1601 203 1649 aliquid
225 1599 324 1642 fieri,
348 1599 524 1643 formari,
552 1597 663 1648 fingi,
690 1600 936 1647 intelligitur,
967 1603 1063 1645 (non
1084 1611 1208 1636 tamen
1229 1599 1366 1636 deinde
1386 1614 1452 1648 pro
1472 1604 1579 1639 causa

61 1662 103 1686 et
125 1661 184 1690 re,
213 1660 366 1696 propter
383 1661 492 1698 quam
511 1648 622 1684 faciat
642 1649 725 1696 quis
749 1649 909 1695 aliquid,
942 1662 985 1685 ut
1007 1650 1041 1685 h.
1065 1651 1088 1686 l.
1111 1650 1301 1696 capilum,
1329 1651 1391 1686 led
1412 1652 1450 1687 in
1470 1654 1581 1703 occas.

62 1711 147 1734 cum
168 1699 235 1736 Gr.
255 1699 324 1738 al..
351 1697 391 1734 it.
414 1698 469 1742 in)
488 1707 709 1746 praetextus,
727 1718 764 1725 —
791 1710 858 1745 pro
879 1701 1039 1735 obtentu
1060 1699 1240 1745 ponitur,
1280 1702 1385 1746 quod
1406 1701 1482 1737 Cic.
1515 1715 1581 1750 per

62 1745 200 1806 causam
218 1767 261 1790 -,
273 1747 396 1783 dicere
420 1747 527 1782 solet.
543 1766 584 1774 ι·-
604 1748 778 1787 obtentus,
797 1766 838 1777 --·
868 1746 973 1783 fimili
1007 1748 1190 1795 metaph,
1228 1757 1271 1784 ut
1295 1758 1522 1796 praetextus,
1543 1770 1582 1779 —

62 1806 255 1842 προφω-ις,
277 1814 314 1823 -
338 1805 585 1844 argumentum
605 1797 655 1840 (v.
676 1809 706 1831 e.
730 1808 814 1841 447,
835 1799 909 1840 60.)
928 1793 1114 1838 ὑπόθεσις,
1133 1818 1170 1826 -
1203 1798 1362 1842 nonfine
1382 1811 1581 1848 argumen-

64 1857 108 1881 to
128 1845 355 1884 maledicere,
390 1845 414 1881 i.
433 1843 508 1880 fine
529 1843 681 1880 materia
703 1856 742 1880 et
759 1845 976 1881 occalione⁴‘
1004 1857 1043 1882 ut
1065 1847 1178 1883 nobis
1203 1845 1264 1881 hic
1282 1847 1465 1884 sufficiant
1493 1852 1582 1886 Vor-

66 1896 181 1930 wand
197 1893 275 1928 und
294 1893 397 1941 Stoff]

110 1948 244 1980 ἐκκοπτ.
263 1961 302 1968 -
324 1951 378 1979 καὶ
402 1939 553 1988 κωλύειν)
580 1942 709 1978 Scribo
740 1938 898 1979 κολούειν.
924 1942 1041 1989 Steph.
1084 1944 1198 1978 Bene.
1244 1945 1296 1980 Ex
1319 1945 1467 1982 Aristot.
1490 1947 1585 1985 sum-

66 2003 168 2031 tum,
196 1989 301 2028 cuius
322 1991 391 2032 est,
413 1991 454 2027 ⁷3
471 1990 549 2032 τοδς
567 1991 798 2037 ὑπερέχοντας
821 1987 983 2032 κολοῦειν,
1009 1999 1064 2028 καὶ
1083 1991 1163 2033 τούς
1175 2001 1405 2037 φρονηματίας
1426 2000 1585 2044 ἂνκιςεῖν,

69 2053 87 2086 ς
114 2040 217 2088 polit.
245 2053 298 2077 11.
318 2041 427 2076 Boecl.
486 2043 619 2076 Probat
646 2044 707 2087 ltg.
741 2040 987 2076 coniecturam
1011 2047 1090 2087 „Stp.
1116 2053 1154 2076 et
1173 2043 1256 2083 Sb.,
1293 2043 1491 2092 legendum
1516 2045 1587 2085 effe

65 2090 282 2139 putantium
303 2088 450 2127 κολούειν
478 2102 543 2135 pro
563 2088 710 2126 κωλύειν.
738 2090 852 2126 Leisn.

169 2139 242 2186 Qi
266 2150 305 2175 et
324 2139 363 2175 in
383 2152 430 2174 m.
448 2141 493 2176 A.
511 2151 541 2174 2.
563 2151 602 2174 et
627 2140 696 2175 Ox.
725 2138 778 2180 ,‚f.
799 2133 974 2176 κολούει-ι’·
1001 2149 1042 2175 ut
1061 2139 1122 2174 Sb.
1143 2140 1225 2176 Ind.
1250 2153 1282 2176 v.
1306 2139 1442 2180 κωλύειν
1456 2145 1588 2182 volue-

66 2198 123 2225 rat
144 2183 290 2225 κολούειν
309 2187 364 2223 bis
389 2201 443 2233 ap.
466 2189 586 2224 Nostr.
603 2213 612 2228 ,
641 2189 702 2223 hic
723 2199 762 2224 ct
784 2198 816 2234 3,
841 2200 897 2228 ιι,
918 2191 938 2222 6
971 2201 1023 2228 e..
1056 2188 1116 2223 led
1135 2189 1220 2225 sch.
1244 2191 1281 2226 in
1300 2203 1376 2228 κωλ.
1400 2193 1480 2238 post
1501 2195 1584 2231 Lat.
1610 2200 1611 2203 ’

65 2239 109 2275 Ρ.
135 2239 241 2284 „Stp.
259 2249 296 2273 et
315 2238 375 2275 Sb.
396 2237 563 2273 scribunt
580 2250 650 2275 κολ.
669 2244 883 2286 amputare·‘
912 2236 1008 2273 nihil
1028 2247 1182 2273 tenente
1204 2241 1283 2285 Stp.
1305 2241 1377 2275 Th.
1401 2242 1585 2288 superno·

67 2287 142 2324 stro
165 2288 251 2322 loco
271 2285 309 2322 in
328 2298 362 2321 v.
383 2298 462 2323 κωλ.
485 2299 520 2327 2,
542 2298 623 2330 529.
643 2288 681 2322 B.
707 2287 756 2327 i.,
784 2285 832 2322 cf.
861 2299 890 2327 1,
916 2298 948 2330 5,
972 2290 1052 2327 26„
1082 2286 1142 2321 scd
1167 2285 1343 2331 ,‚uozov'w,
1368 2303 1523 2338 amputo
1549 2313 1590 2322 .-

68 2335 333 2380 ἰτ.,ἰιηῐηὶηιιο.
351 2353 389 2363 -—
411 2334 517 2372 Sicut
539 2349 627 2371 vero
653 2337 730 2371 Lat.
754 2335 888 2372 dicunt
907 2336 1112 2370 innninuere
1130 2336 1305 2383 aliquem,
1332 2339 1355 2374 s.
1378 2342 1590 2386 potentiam

68 2396 108 2421 et
129 2384 435 2422 existimationem
451 2409 462 2425 ,
489 2386 511 2419 s.
535 2384 758 2432 superbiam:
787 2386 838 2420 ita
860 2382 1019 2425 κολούειν,
1042 2405 1076 2411 -
1095 2385 1244 2422 Aristot.
1267 2388 1343 2423 l'ol.
1372 2397 1426 2431 ς.“
1456 2392 1521 2438 qui
1541 2392 1590 2427 est

66 2436 131 2471 Bc.
153 2434 257 2470 locus
276 2446 308 2468 c.
326 2445 377 2469 ιι.
399 2445 434 2480 ρ.
450 2446 528 2476 ςυ..
549 2436 612 2475 Β.,
646 2433 706 2469 hic
726 2433 876 2480 quidem
900 2446 943 2470 ut
963 2436 1019 2469 vel
1043 2445 1238 2471 contextim
1258 2450 1296 2475 ct
1313 2438 1525 2476 adiunehnn
1553 2455 1590 2476 v.

67 2487 137 2522 ὃκκ.
160 2482 322 2530 postulet
343 2479 509 2523 κολούειν,
535 2482 634 2529 quod
656 2494 695 2518 et
715 2482 789 2518 sine
811 2482 1029 2519 austoritate
1049 2483 1120 2518 Ms.
1141 2496 1354 2531 recepturus
1376 2501 1485 2529 eram,
1507 2502 1592 2527 cum

69 2531 159 2568 alibi
181 2545 334 2580 quoque
356 2530 507 2567 confusa
529 2532 715 2569 effentista
736 2545 769 2567 ν.
790 2545 824 2567 ν.
848 2537 936 2572 duo,
960 2530 1010 2566 cf.
1034 2533 1113 2567 lnd.
1133 2533 1214 2573 Sb.,
1247 2534 1408 2572 Pierson.
1424 2537 1592 2577 Verifim,

66 2593 104 2629 p.
132 2591 188 2627 37.
214 2595 270 2621 e..
301 2581 364 2616 ubi
389 2593 433 2617 ex
454 2582 571 2616 Dion.
594 2581 671 2618 Cas.
691 2577 735 2618 ‘ro'
753 2598 792 2618 τε
812 2580 979 2626 ἆπεςέχον
998 2577 1168 2622 κολούειν,
1201 2593 1257 2620 καὶ
1278 2584 1321 2621 *eo*
1340 2583 1594 2630 ταπεινούμενον

69 2634 212 2676 Ιξαίςειν
226 2654 235 2669 .
260 2630 379 2666 visch.
404 2630 496 2666 Plat.
516 2632 590 2677 Ap.
607 2643 638 2675 5.
658 2643 693 2677 p.
707 2643 764 2674 97.
792 2632 884 2674 N.4.
907 2631 966 2666 Rs.
992 2630 1033 2665 ad
1052 2630 1157 2667 Polb.
1181 2643 1215 2677 p.
1234 2645 1311 2677 ¹52·
1328 2647 1373 2669 m.
1388 2661 1398 2677 ,
1417 2637 1474 2674 cf.
1497 2651 1595 2684 quo..

70 2681 118 2716 ml
145 2679 345 2716 notionem
374 2690 414 2715 et
433 2680 646 2716 mendosam
670 2681 751 2717 Var.
774 2680 815 2717 1..
836 2676 984 2718 κολύειν,
1025 2691 1092 2726 pro
1120 2677 1286 2724 κολούειν.
1322 2685 1463 2720 D'Arn.
1485 2689 1594 2732 spec.

70 2730 144 2767 An.
164 2727 258 2765 Crit.
282 2742 316 2776 p.
336 2732 396 2765 60.
418 2741 450 2765 e.
487 2728 529 2765 it.
552 2728 651 2765 Lest.
672 2730 738 2765 Gr.
761 2739 867 2777 p.87.
887 2741 930 2763 m.
954 2729 1043 2765 Krb.
1073 2729 1118 2764 ad
1139 2730 1234 2765 l'lut.
1260 2744 1295 2778 p.
1320 2745 1477 2777 107.-e.,
1515 2737 1594 2777 ubi,

71 2777 143 2816 else
161 2781 338 2826 καθαίρων
355 2779 458 2827 lym,
492 2778 554 2826 (ut
582 2779 689 2829 supi-a
719 2790 775 2827 ap.
804 2778 952 2816 Aristot.
974 2777 1216 2827 componitur
1235 2785 1410 2829 ἀναιρεῖν.)
1441 2786 1525 2821 Ern.
1548 2786 1592 2821 ad
