1798 3163
228 159 295 212 48
738 151 909 196 HBER
930 151 965 195 1.
1007 150 1130 195 CAP.
1153 151 1208 192 Π.

224 264 460 338 ξυφόξους,
500 263 742 332 ἀποσοβεῖν
775 261 875 316 τούς
903 265 959 310 ἐν·
994 266 1142 312 dicens
1161 267 1244 313 suis
1272 266 1544 326 satellitibus,
1581 269 1727 331 abige·

219 341 535 406 ,τυγχάνοντας
554 352 590 388 ⁷-.
620 405 623 407 Β
661 337 786 403 μένος
810 338 856 386 τὲ
878 336 963 395 βει-
1004 344 1049 387 6.
1088 358 1136 387 re
1167 342 1431 390 accedentes.
1511 345 1726 407 Solusque

226 417 379 483 σ’ςλέων
403 416 706 479 φιλοσοφιῖινὲ
727 414 774 460 οὐ
794 411 957 475 λέγεις,
993 432 1151 477 regum
1192 418 1316 464 suum
1357 412 1586 483 sapientiae
1642 415 1727 466 stu-

314 549 346 586 z)
372 544 483 577 Colon
499 543 554 575 hic
575 543 608 574 in
629 543 701 583 Stp.
721 549 754 573 et
773 540 815 572 al.
858 543 890 578 a)
917 538 980 575 Ms.
999 541 1052 573 Ba.
1068 545 1270 580 φιλοιοφῑιν,
1293 543 1324 573 οὗ
1343 543 1521 584 λεγοις-
1547 543 1673 581 who-teu
1689 551 1723 575 λ.

225 658 446 694 Parthorum
463 669 500 700 4,
524 666 581 696 11,
599 652 682 696 (με.
695 677 707 692 ,
730 663 773 688 vt
791 650 878 689 Hes.
898 651 1154 699 δορυφοροῦντες
1167 677 1177 693 ,
1200 656 1477 702 πςεβαδιξοντες,
1504 654 1579 690 huc
1596 653 1721 700 profit,

217 704 313 743 'cum
331 706 585 750 δορυφοςοῧιτες
608 700 677 736 smt
696 701 721 738 i.
743 713 778 748 q.
800 698 998 748 δοςυφόςοι,
1032 712 1071 738 et
1088 709 1188 748 πςαβ.
1211 703 1235 737 i.
1250 714 1285 750 q.
1307 714 1339 750 ς,
1367 704 1427 746 11,
1446 715 1479 747 ς.
1507 709 1538 740 οἱ
1554 699 1724 749 προῖόντες

227 753 314 795 τινὲς
327 779 337 796 ,
362 754 441 788 Lat.
461 750 759 789 anteambulonem
788 751 852 798 qui
871 749 907 785 h.
924 750 969 789 l.,
993 750 1218 787 comitantes
1237 751 1517 797 imperatorem,
1546 752 1586 788 in
1605 750 1726 796 publi-

226 815 314 840 cum
333 803 576 847 prodeuntem
597 811 618 833 e
637 798 776 844 palatio
791 823 802 840 ,
833 798 1013 846 prohibiti
1035 799 1127 840 sint,
1153 812 1202 835 ne
1225 801 1397 836 homines
1415 810 1675 840 remouerent,
1696 798 1724 837 fi

227 851 293 900 qui
314 850 447 885 starent
466 848 502 882 in
525 847 583 882 via
596 873 609 889 ,
641 846 832 893 ipeaaturi
853 848 1133 895 imperatorem,
1167 859 1231 884 aut
1249 851 1405 885 omnino
1425 850 1574 886 obuiam
1594 860 1725 884 occur-

223 910 373 939 1erent‚
399 896 446 931 cf.
471 906 504 941 3,
531 907 583 938 ιι,
610 907 639 939 5.
661 906 699 931 et
718 896 812 932 Plin.
833 898 916 934 Pan.
933 906 992 943 23,
1010 910 1068 937 2.‚
1106 909 1189 933 non
1212 908 1322 939 veto,
1358 897 1384 933 fi
1401 897 1464 946 qui
1487 899 1528 934 in
1547 900 1664 934 aulam
1683 905 1722 932 et

223 948 271 984 ad
293 947 548 993 imperatorem
563 969 574 985 ,
599 941 652 980 ibi
673 945 897 991 praesentem
911 970 922 986 ,
947 945 1120 983 accedere
1142 945 1303 985 vellent,
1332 959 1414 982 cum
1434 947 1506 982 hoc
1523 946 1630 992 postr.
1647 945 1721 982 iarn

216 995 349 1044 ‘aliquo
370 993 473 1041 pasto
492 992 576 1029 iniit
594 991 635 1029 in
659 1007 711 1039 pr.
729 995 809 1036 τούς
828 1011 883 1041 πρ.
906 996 970 1040 32³2}-
985 1019 996 1035 ‚
1020 995 1259 1041 videaturque
1279 995 1411 1032 Noster
1428 993 1469 1031 in
1491 997 1618 1032 Marco
1647 996 1723 1029 lau·

223 1044 310 1083 dai-e
330 1044 402 1079 duo
424 1055 556 1091 genera
576 1041 743 1079 lenitatis
764 1056 803 1079 ac
823 1044 1080 1092 benignitati&
1105 1056 1239 1086 vnum,
1264 1044 1366 1092 quod
1385 1042 1722 1083 domi‘declatauit,

222 1096 402 1133 alterum,
429 1090 528 1139 quod
549 1091 703 1138 egrelsus
723 1092 859 1139 palatio
877 1093 917 1128 in
937 1093 1014 1134 via,
1047 1105 1204 1140 quorum
1224 1093 1314 1130 illud
1337 1094 1380 1129 ad
1396 1105 1537 1140 paucos
1559 1093 1723 1140 pertine-

221 1154 300 1183 ret,
326 1143 397 1177 hoc
420 1153 507 1175 vero
528 1139 574 1175 ad
593 1141 738 1188 plures..
775 1142 820 1176 ad
842 1142 1051 1179 vniuersum
1078 1143 1277 1189 populum,
1314 1141 1353 1178 in
1381 1143 1509 1189 primis
1526 1142 1571 1178 ad
1595 1141 1721 1188 plebe-

222 1193 328 1227 culae
347 1189 488 1226 turbam
502 1215 512 1231 ‚
538 1193 609 1225 nec'
630 1191 692 1239 ssg.
713 1192 808 1227 bene
828 1189 1038 1238 expresserit
1053 1208 1088 1227 τ.
1106 1196 1194 1232 ἔντη,
1231 1189 1298 1226 nili
1319 1191 1470 1242 agliuues
1486 1191 1721 1237 supplemen-

221 1252 285 1282 to,
311 1251 344 1274 ν,
363 1250 392 1275 c.
415 1239 455 1273 in
479 1236 536 1273 via
553 1237 579 1275 s.
603 1237 642 1274 in
663 1238 834 1288 public03
871 1240 1004 1287 quibus
1024 1251 1063 1276 et
1083 1252 1177 1288 opus
1193 1238 1234 1276 in
1254 1239 1335 1276 Sch.
1356 1253 1391 1278 v.
1424 1245 1513 1284 ,ῥιπὴ
1532 1238 1721 1287 probibere

218 1288 322 1325 aditu
344 1289 639 1336 compellaturos“
654 1300 795 1335 praeter
814 1288 924 1335 praes.
937 1314 948 1331 ,
974 1301 1038 1336 per
1053 1289 1122 1325 fut.
1142 1288 1349 1330 reddit-uni,
1372 1302 1406 1323 v.
1427 1295 1494 1327 ἐπ,
1518 1288 1636 1324 sumto
1650 1298 1720 1335 pra>

219 1337 381 1385 alloqui,
407 1349 481 1383 quo
502 1338 569 1378 de,
604 1348 645 1374 vt
666 1347 706 1373 et
724 1338 771 1374 de
798 1340 859 1385 Bg.
886 1337 910 1374 s.
938 1351 1005 1385 pro
1031 1337 1255 1378 conuenire,
1289 1351 1324 1373 v.
1348 1340 1429 1384 Stp.
1447 1337 1522 1374 Th.
1543 1346 1578 1382 3.
1613 1347 1717 1381 ¹444·

219 1390 258 1423 Β.
278 1399 309 1423 e.
329 1385 378 1432 sq.
409 1387 488 1422 lnd.
510 1386 566 1422 Rs.
579 1386 646 1420 Or.
659 1386 702 1421 V.
726 1396 758 1426 8.
784 1388 875 1423 Din.
894 1398 932 1423 et
944 1389 1052 1424 Dem.
1082 1387 1163 1423 Ael.
1179 1388 1220 1421 V.
1232 1387 1265 1423 h.
1291 1387 1378 1423 Luc.
1392 1385 1718 1431 Fisch.Theophr.

218 1447 260 1472 et
285 1435 377 1471 Plut.
401 1436 486 1482 Krg.
503 1459 514 1475 ‚
541 1435 626 1474 sed,
655 1447 730 1482 quo
750 1435 854 1472 sensu
871 1448 940 1472 nos
959 1434 1021 1474 hic
1039 1436 1252 1482 accipimus,
1277 1435 1322 1471 de
1339 1434 1399 1476 iis.
1426 1434 1489 1482 qui
1510 1434 1549 1470 in
1568 1432 1718 1481 publico

217 1484 305 1521 sunt
324 1483 445 1525 obuii,
472 1495 510 1519 et
529 1495 586 1531 ap.
605 1483 777 1521 Nostrum
799 1485 988 1531 vsurpatur
1003 1495 1151 1522 tantum
1172 1485 1364 1532 deinceps,
1384 1494 1418 1520 v.
1439 1483 1589 1531 Stp.l.1.
1611 1492 1716 1530 ¹443·

221 1533 271 1568 G.
295 1546 366 1573 in.,
392 1532 472 1567 ind.
498 1533 588 1570 Luc.
613 1545 698 1569 cum
726 1546 756 1576 r,
783 1547 838 1581 59.
862 1533 886 1569 l.
906 1546 958 1579 53.
982 1546 1020 1570 et
1039 1536 1148 1569 Dein.
1172 1546 1256 1577 922,
1278 1546 1310 1577 9.
1342 1544 1446 1578 1407.
1473 1544 1549 1576 19.,
1576 1542 1614 1568 et
1635 1531 1669 1566 h.
1691 1530 1738 1571 1„

218 1582 432 1628 supplentes
451 1583 548 1617 caius
565 1582 668 1619 tertii
691 1595 797 1629 pron.
818 1586 946 1625 αὐτοῖς,
971 1583 1134 1619 nostrum
1157 1583 1280 1618 locum
1303 1581 1519 1618 adiuuantes
1538 1579 1645 1616 fimili
1668 1580 1717 1615 de

216 1631 434 1669 Pertinace,
459 1629 524 1676 qui
543 1643 580 1667 et
600 1631 678 1678 ipse
689 1631 863 1668 satellites
883 1629 1004 1668 vetuit
1022 1645 1056 1673 2,
1076 1646 1113 1677 4,
1129 1644 1161 1667 ε.
1185 1626 1272 1677 μέτε
1284 1637 1390 1668 παίειν
1404 1635 1479 1668 τινὰ
1499 1638 1563 1667 τῶν
1579 1625 1717 1675 παριόν-

218 1696 303 1719 των,
331 1690 368 1714 et
387 1680 477 1714 Xen-
499 1680 583 1726 Cyr-
603 1694 636 1722 2,
653 1696 686 1726 4,
701 1691 760 1726 23·
786 1681 820 1718 εἴ
833 1695 916 1718 τισιν
932 1685 1162 1725 ἐντυγχάνοιεν
1182 1701 1218 1709 -
1231 1703 1242 1721 ,
1269 1681 1536 1723 ἁποσοβοῦντες,
1571 1691 1647 1726 quo
1666 1677 1716 1714 de

219 1728 268 1763 cf.
287 1730 365 1773 Stp.
390 1728 462 1763 Th.
482 1730 578 1766 Plut.
599 1730 682 1778 Krg.
713 1730 744 1776 §.
765 1743 846 1774 ²71-
874 1729 978 1765 Arist.
1003 1729 1094 1777 Equ.
1116 1743 1151 1766 ν.
1164 1733 1221 1765 60.
1242 1741 1325 1765 cum
1348 1729 1472 1765 Schol.
1486 1753 1496 1768 ‚
1526 1728 1611 1764 Hes.
1627 1737 1716 1764 cum
1759 1744 1763 1746 v

217 1777 266 1814 N.
282 1802 292 1819 ‚
316 1775 441 1818 Suid„
476 1778 522 1814 ad
541 1790 651 1824 quern
674 1777 772 1814 Kust.
797 1791 827 1820 1,
853 1792 933 1824 294.
954 1780 1000 1814 N.
1020 1790 1051 1816 1.
1070 1788 1166 1814 errat
1186 1779 1225 1813 in
1249 1777 1397 1824 tropico
1417 1790 1452 1812 v.
1477 1776 1566 1818 vsu,
1601 1775 1650 1812 cf.
1668 1776 1715 1813 ad
1776 1781 1781 1803 ³

217 1826 357 1863 Thom.
376 1827 428 1861 M.
450 1838 482 1872 p.
497 1837 581 1873 101.
603 1828 723 1863 Moer.
741 1840 773 1875 p.
790 1839 873 1873 341.
900 1826 988 1863 Luc.
1004 1840 1039 1868 ε.
1058 1831 1140 1870 506.
1157 1827 1204 1864 N.
1224 1839 1279 1871 47.
1301 1838 1340 1862 et
1353 1838 1389 1872 3,
1408 1837 1491 1869 250.
1511 1825 1559 1861 N.
1580 1837 1641 1869 74.
1695 1825 1699 1831 “
1777 1835 1779 1846 ·

266 1871 378 1920 μένος)
404 1874 489 1910 Sch.
516 1887 659 1919 „¹1an
681 1895 721 1905 ·--
759 1889 840 1912 curn
863 1888 932 1925 gen
948 1882 972 1900 ‘¹
1005 1888 1114 1924 quam
1136 1876 1337 1912 restionem
1359 1876 1438 1920 Stp.
1459 1873 1533 1909 Th.
1563 1871 1715 1926 alipnde
1776 1872 1779 1896 ³

217 1935 421 1963 memorat,
449 1923 510 1959 sed
528 1923 604 1962 line
624 1924 745 1966 causa,
771 1935 807 1961 at
826 1924 871 1961 G.
891 1924 964 1960 Th.
984 1925 1022 1960 in
1045 1927 1108 1972 Bg.
1134 1937 1264 1968 „more
1287 1923 1590 1972 superlatiuorum
1611 1922 1714 1971 geni.
1776 1924 1779 1939 ¹

214 1973 334 2009 tinum
354 1973 471 2020 regit,
503 1973 565 2009 sed
591 1973 700 2010 etiam
729 1985 812 2010 cum
840 1987 892 2022 pr.
922 1974 1172 2022 exiungitut“
1204 1973 1352 2022 qualem
1381 1984 1420 2009 et
1441 1971 1504 2007 hic
1531 1972 1713 2019 suppleas,

213 2021 264 2057 cf.
285 2023 323 2058 L.
342 2022 420 2057 Bos.
439 2023 506 2057 Ell.
528 2033 610 2068 473.
633 2035 678 2058 m.
700 2034 767 2067 492
804 2037 834 2058 e.
861 2021 953 2059 Poss'.
975 2025 1077 2070 Synt.
1103 2035 1138 2070 p.
1157 2035 1216 2068 4¹·
1235 2035 1266 2058 e.
1289 2022 1370 2058 lud.
1386 2021 1474 2058 Luc.
1503 2032 1543 2057 et
1562 2020 1644 2057 Ael.
1665 2021 1711 2057 V.

213 2070 254 2105 h.
280 2070 349 2105 alia
367 2071 547 2114 notione,
575 2072 625 2109 cf.
644 2074 722 2118 Stp.
742 2072 812 2108 Th.
831 2085 865 2112 ε,
886 2076 968 2115 966.
992 2074 1029 2108 B.
1050 2071 1095 2107 ad
1112 2072 1226 2118 soph.
1242 2071 1299 2108 Αἰ.
1319 2083 1353 2106 ν.
1378 2082 1479 2115 51¹..
1510 2069 1551 2106 in
1571 2075 1652 2116 pac.
1671 2070 1711 2106 P.
1776 2072 1779 2074 ’

216 2118 407 2155 deserente
424 2122 512 2167 Bg..
545 2120 605 2156 sed
632 2131 776 2156 retenta
807 2122 907 2157 forte
925 2121 1086 2157 notione
1114 2131 1180 2167 pro
1201 2121 1427 2167 imperatore
1444 2118 1576 2159 Rom,
1605 2117 1652 2152 cf·
1677 2128 1712 2158 1,

217 2177 277 2206 10,
301 2179 353 2210 ¹5.
374 2180 410 2204 et
431 2170 477 2206 G.
497 2170 568 2205 Th.
599 2182 686 2212 127,
722 2182 779 2206 20.
799 2170 898 2218 sqq.,
921 2169 982 2206 scd
1004 2181 1043 2207 vt
1063 2170 1175 2205 Marci
1198 2171 1274 2206 laus
1298 2166 1421 2204 existat
1439 2167 1578 2207 maior,
1611 2165 1635 2201 fi
1655 2165 1712 2203 so-

217 2215 272 2251 lus
291 2215 328 2251 id
346 2215 435 2253 fecit
454 2231 495 2253 ex
518 2219 714 2260 omnibus,
743 2217 806 2266 qui
826 2231 980 2266 regnum
1008 2229 1184 2255 tenerent
1208 2229 1368 2265 vnquam
1395 2215 1436 2252 in
1464 2215 1617 2252 ciuitate
1636 2215 1710 2252 Ro-

213 2276 322 2300 mana
342 2276 405 2299 aut
426 2279 592 2309 externa;
620 2280 695 2315 quo
715 2267 760 2304 de
782 2280 852 2303 nec
871 2267 1122 2307 comendam,
1156 2279 1223 2303 nec
1240 2276 1420 2313 purgem,
1445 2263 1470 2300 fi
1491 2265 1540 2301 ita
1559 2265 1632 2300 late
1651 2277 1710 2298 ce—

212 2312 413 2364 peritssac.
433 2316 642 2363 vulgarique
662 2317 845 2358 notione,
869 2317 1043 2353 Nostrum
1057 2341 1068 2357 ,
1102 2313 1168 2351 nili
1192 2315 1386 2354 haetenus,
1422 2326 1463 2349 vt
1484 2314 1585 2350 forte
1606 2314 1709 2350 suum

216 2377 286 2408 ρον,
308 2362 470 2399 lumserit
489 2365 703 2410 improprie,
725 2363 1052 2412 vtqueadv.1.46m;
1066 2363 1171 2404 infra,
1199 2377 1264 2411 pro
1282 2363 1435 2401 maxime
1454 2363 1477 2399 s.
1500 2361 1709 2409 praecipue.

265 2413 397 2455 φιλοσ.)
426 2412 461 2448 h.
483 2425 510 2447 e.
534 2413 569 2449 se
587 2414 654 2448 effe
671 2414 945 2460 philosophum,
972 2425 1050 2451 non
1076 2413 1282 2448 differendo
1302 2424 1366 2448 aut
1388 2411 1622 2456 disputando,
1645 2409 1707 2447 sed

212 2458 331 2495 sanae
350 2470 387 2496 et
412 2459 530 2497 sobrie
548 2462 733 2503 vinc-ndo,
771 2463 953 2510 probauit.
1019 2463 1108 2498 Non
1134 2461 1249 2497 modo
1281 2461 1354 2497 fuit
1383 2461 1600 2507 philosopha
1629 2461 1710 2496 sen·

215 2507 358 2548 tentia,
386 2507 448 2544 sed
471 2520 529 2551 et,
555 2522 647 2556 quae
663 2512 836 2555 sentiret,
863 2525 957 2559 quae
975 2512 1134 2552 dicerer,
1161 2513 1305 2557 agendo
1325 2508 1570 2545 confirmauit.
1626 2509 1708 2544 To-

211 2557 286 2593 tius
306 2556 387 2593 eius
407 2558 505 2593 vitae
528 2559 617 2594 ratio
638 2557 675 2594 in
701 2562 858 2606 publicis
879 2561 1103 2607 priuatisque
1123 2559 1283 2608 negotiis
1303 2571 1384 2594 cum
1407 2559 1554 2594 Stoicae
1573 2555 1709 2594 seueri·

211 2616 288 2642 tate
306 2605 491 2642 doctrinae
510 2607 699 2643 consenlit.
752 2613 839 2645 Non
862 2609 978 2646 solum
1002 2622 1078 2645 eam
1100 2607 1371 2654 philolophiam
1389 2605 1576 2643 exercuit·
1613 2616 1708 2654 quae

208 2654 251 2690 in
270 2655 570 2701 contemplandis
592 2656 697 2692 rebus
717 2659 898 2699 versatur,
924 2659 984 2694 sed
1004 2671 1042 2694 et
1063 2670 1154 2706 quae
1174 2658 1215 2692 ad
1237 2657 1418 2692 at‘kionem
1439 2654 1574 2692 transit.
1622 2654 1708 2691 Phi-

191 2702 441 2755 hlosophiam,
474 2715 566 2750 quae
594 2705 674 2740 aliis
705 2708 772 2741 otii
803 2709 851 2744 ei't
881 2720 921 2741 ac
941 2705 1116 2745 defidiae.
1155 2707 1190 2742 in
1213 2705 1334 2741 forum
1356 2707 1447 2741 etin
1473 2716 1587 2748 remp.
1605 2703 1706 2740 etin

211 2751 323 2799 ipsam
339 2751 452 2791 aciem
475 2765 592 2802 paene
611 2752 773 2794 deduxit.
830 2756 934 2795 Talis
947 2768 1034 2806 ergo
1052 2754 1127 2794 fuit
1135 2753 1393 2805 philosophus,
1410 2754 1555 2803 qualem
1565 2753 1704 2790 Seneca
