1772 3158
79 185 304 232 LIBERI.
341 182 466 229 CAP.
489 182 606 227 XIV.
643 184 698 228 A.
718 182 776 228 V.
799 181 852 227 C.
878 180 1000 238 944.
1045 181 1184 228 CHR.
1202 183 1266 231 N.
1289 194 1407 238 191.-
1449 184 1553 242 609

43 300 205 369 ἧμεξῶν
237 297 395 349 πάντα
419 294 537 347 ἐπιὸν
569 294 620 345 τὸ
653 297 744 366 πόξ
764 303 782 322 ’·”
818 301 970 348 diebus
990 304 1141 349 omnia
1164 316 1425 368 pervagatus
1442 308 1556 367 ignis

42 373 351 436 {wefio'o’ns‘ro3
423 368 521 423 οὐδὲ
579 370 782 441 πξὸτεξον
820 378 1148 442 depascebatur3
1178 396 1321 442 neque
1334 385 1456 444 prius
1472 383 1557 430 ces-

41 449 298 511 ἐπαύσατο,
335 447 783 519 πξὶνῆκατενεχθὲν·
819 453 944 512 savit,
1004 469 1135 518 quam
1193 454 1352 520 delapfi
1392 458 1556 506 imbres

40 547 114 581 τες
135 523 317 596 ὅμβξοιᾱ
338 528 528 586 ἐπέσχον
550 525 688 573 αὐτοῦ
711 522 781 579 τὴν
816 530 1109 578 inhibuerunt
1174 533 1266 577 eius
1323 534 1555 597 impetum.

39 600 181 672 ὁςμῆν.
270 600 372 651 ὅθεν
403 601 480 650 καὶ
512 597 561 649 τὸ
595 601 689 649 πᾶν
720 599 780 670 ἕξ-
825 621 907 655 10.
944 605 1078 654 Unde
1118 616 1162 653 et
1206 618 1299 654 tota
1333 625 1403 655 res
1445 609 1557 658 divi-
1592 643 1595 647 »

126 732 162 777 c)
186 731 252 765 Hic
270 741 399 764 comma
417 732 451 763 in
473 734 537 770 A„
561 730 615 764 sed
636 731 707 773 post
726 734 817 769 ἐπεβ.
837 741 898 774 pro
917 731 992 775 Stp.
1009 731 1068 764 rel.
1089 732 1192 770 colo,
1214 732 1250 763 it.
1266 735 1386 773 punsto
1397 735 1554 774 A-caet.,

35 775 161 809 melius
180 787 310 809 comma
328 779 381 810 Bs.
401 785 435 809 et
453 778 536 814 Ed„
560 777 594 808 in
615 778 761 808 tedione
781 777 890 808 adhuc
908 779 1045 815 eadem,
1069 787 1103 809 et
1118 776 1213 809 subst.
1231 779 1265 809 τὸ
1281 781 1338 823 πῦρ
1360 789 1501 822 quoque
1510 781 1555 814 ad

37 825 145 856 ἔπινε.
166 824 369 864 pertinente.
435 823 470 861 d)
496 823 560 855 Ms.
579 823 633 854 Ba.
648 832 685 872 et
701 823 758 855 vi.
777 827 804 854 οἱ
823 826 870 862 ἐμ,
889 832 965 855 cum
984 823 1097 861 artic„
1129 831 1168 854 ut
1184 822 1279 856 alias.

33 933 138 983 poris
159 935 284 977 etiarn,
314 933 561 982 praecedente
578 934 660 984 syn.
672 942 719 980 μὴ
735 951 858 982 τραγ..
883 936 1009 983 Hoog.
1021 937 1097 982 Op.
1118 947 1155 982 p.
1176 938 1360 982 1095.Nr.
1374 948 1431 981 9.‚
1451 937 1554 976 aad

32 985 125 1032 vig.
147 997 182 1031 p.
197 997 283 1028 429.
298 998 331 1021 e.
351 996 436 1021 cum
455 985 552 1020 Dev.
575 998 611 1033 p.
629 995 707 1030 324.
720 997 751 1021 e.
805 987 847 1021 ln
867 983 917 1031 sq.
938 999 1052 1021 κατεν.
1068 996 1153 1020 curn
1175 985 1311 1033 §.4.m.
1336 999 1416 1023 non
1437 988 1555 1028 variat

31 1033 193 1072 Noster.
223 1032 290 1070 nist
307 1034 348 1069 in
366 1033 571 1077 adiunctis,
602 1035 642 1070 P.
661 1035 819 1071 liberum
832 1033 1024 1070 deserente
1035 1035 1118 1069 Sch.
1141 1035 1273 1081 partim
1301 1037 1554 1080 „repentedep

30 1081 120 1129 lapfi
143 1083 293 1125 imbres,
320 1088 479 1126 (retenta
497 1082 658 1120 notione
676 1083 890 1119 secundaria
909 1082 984 1118 fine
1004 1084 1244 1125 neceffitate,)
1267 1082 1322 1127 ὀμ.
1347 1084 1484 1122 imbres
1496 1100 1554 1123 re-

28 1141 137 1182 pente
164 1131 298 1180 delapfi
328 1133 567 1168 extinxerunt
588 1133 661 1168 vim
684 1133 804 1180 ignis,
842 1136 895 1168 ἐπ.
920 1132 1148 1173 cohibuerunt
1181 1132 1316 1168 imbres
1343 1134 1553 1180 incendium,

33 1182 70 1217 h.
93 1194 126 1216 e.
143 1180 407 1224 extinxerunt,
443 1181 519 1226 ὅρμ.
540 1183 676 1218 imbres
694 1183 860 1230 impetum
878 1181 977 1228 ignis
996 1180 1250 1216 cohibuerunt«
1279 1184 1324 1219 ad
1351 1189 1451 1231 quod
1476 1185 1552 1231 ὄρμ.

33 1230 148 1267 etiam
167 1231 290 1267 Leisn.
311 1231 350 1267 in
373 1243 421 1266 m.
442 1232 514 1266 Ms.
537 1233 600 1278 Rg.
620 1229 805 1278 scripserat
830 1231 964 1269 „vim“
995 1229 1096 1277 quod
1114 1229 1186 1279 i.q.
1206 1231 1292 1279 Eg„
1330 1235 1364 1279 (a
1379 1233 1458 1279 Stp.
1476 1235 1553 1272 Th.

32 1278 185 1316 nliunde
195 1278 391 1326 cognitum
401 1280 554 1324 solum.)
567 1291 610 1315 ut
622 1292 686 1326 per
697 1279 735 1314 id
748 1279 859 1314 etiarn
870 1278 1028 1324 explicat
1040 1280 1084 1316 G.
1098 1279 1173 1315 Th.
1190 1291 1297 1324 1047,
1309 1290 1382 1322 28„
1394 1283 1442 1320 cf.
1453 1283 1477 1327 l.
1494 1294 1553 1330 38.

33 1339 116 1376 50.,
152 1328 215 1365 sed
241 1330 280 1364 in
303 1331 365 1379 Bg.
401 1340 488 1365 cum
511 1330 575 1367 Gr.
598 1341 634 1365 n.
661 1339 767 1375 1003,
787 1338 845 1369 82.
875 1326 1048 1364 inhibere
1074 1330 1239 1376 impetum
1270 1342 1290 1365 e
1317 1331 1403 1367 Sen.
1434 1333 1553 1376 Med.,

30 1391 111 1415 non
129 1389 252 1415 tamen
271 1379 318 1414 de
339 1379 446 1427 igne,
469 1378 528 1415 cui
544 1377 713 1414 tribuant
735 1389 774 1414 et
795 1377 972 1413 nostrates
985 1377 1132 1423 AnsalL,
1161 1389 1247 1414 cum
1263 1379 1359 1427 ignis
1378 1381 1554 1421 incendit

31 1441 90 1464 res
104 1427 512 1477 etpergitincendere;
537 1439 583 1463 ut
602 1427 820 1475 respiciatur
831 1426 875 1462 ad
891 1440 945 1474 pr.
963 1427 1056 1464 ἐπιὸν
1069 1451 1079 1468 ,
1106 1427 1154 1463 ct'.
1168 1428 1214 1463 G.
1234 1429 1305 1464 Th.
1321 1429 1434 1478 int.
1462 1432 1553 1472 „in-

29 1477 126 1512 valio
145 1478 167 1512 s.
193 1477 341 1521 acceffio
363 1488 448 1513 cum
470 1477 635 1514 tumultu
649 1501 660 1519 ,
691 1488 792 1513 certe
807 1488 892 1513 cum
912 1477 1182 1513 vehementiaa
1211 1489 1295 1514 cum
1313 1481 1356 1514 Ρ.
1376 1479 1551 1519 facienti·

27 1525 97 1563 bus
116 1527 246 1574 Anglis
267 1539 323 1573 ap.
339 1528 464 1576 Heyn.
486 1526 575 1563 Hist.
594 1543 628 1571 4,
652 1537 757 1562 1020.
776 1539 825 1562 m.
1167 1546 1170 1547 ν

74 1572 170 1620 ὅθεν)
198 1575 308 1613 Reae
327 1575 476 1619 fortaffe
495 1577 594 1612 hunc
614 1577 740 1612 locum
763 1575 864 1622 cepit
884 1577 947 1622 Bg.
962 1599 972 1617 ,
1012 1574 1075 1611 sed
1104 1574 1248 1612 sensum
1270 1578 1461 1616 obscurius
1490 1594 1551 1618 ex-

27 1624 162 1673 preffit.
212 1624 362 1666 Malim,
395 1635 476 1662 tota
500 1637 558 1662 res
587 1624 768 1662 divinitus
788 1623 953 1660 accidilse
973 1624 1173 1661 existimata
1193 1625 1268 1668 est,
1307 1640 1387 1664 tota
1415 1642 1474 1666 res
1500 1630 1550 1667 ad

27 1675 120 1712 deos
141 1674 308 1711 austures
327 1675 454 1711 relata.
507 1677 673 1722 ἔκθειάζω
689 1674 872 1710 divinitus
892 1673 1033 1720 aliquid
1053 1675 1245 1723 contigisse
1268 1676 1352 1714 dico
1373 1677 1400 1713 s.
1422 1681 1550 1723 credo,

28 1722 75 1759 ad
93 1722 183 1759 deos
201 1724 324 1759 refero
345 1723 521 1760 au&ores.
572 1725 680 1760 Hanc
701 1723 772 1759 esse
793 1722 870 1759 vim
894 1722 998 1759 verbi
1021 1727 1093 1762 ἐκθ.
1107 1749 1118 1765 ,
1140 1736 1219 1760 non
1241 1726 1382 1772 poteris
1400 1728 1549 1766 dubita..

27 1785 90 1813 re,
114 1772 202 1813 ubi,
239 1783 335 1819 quae
354 1772 580 1818 sequuntur,
607 1771 761 1821 legeris,
785 1787 892 1810 πιςευ,
915 1784 949 1808 λ.
1012 1772 1072 1807 Sic
1093 1771 1242 1808 videtur
1260 1786 1332 1809 vox
1354 1788 1548 1822 exponen,-

27 1819 74 1856 da
100 1834 129 1862 ι,
152 1831 184 1863 7,
205 1832 238 1864 9.
269 1833 302 1861 2,
322 1833 356 1863 4,
376 1835 409 1865 4.
443 1833 474 1863 1,
500 1833 555 1863 ιι,
579 1825 612 1858 6.
662 1821 723 1857 Sic
742 1821 1234 1868 ap.Ach.Tat.Vll.p.457.
1253 1835 1320 1870 pro
1332 1824 1548 1869 ἐπιθεικξὲν.

25 1885 92 1907 των
110 1870 262 1918 legerim
281 1873 434 1917 ἐκθειαζ.
485 1871 544 1906 Sic
567 1870 686 1906 Schw.
707 1871 751 1905 ad
771 1870 965 1917 Theophr.
985 1871 1054 1907 eh.
1075 1883 1108 1907 c.
1125 1875 1177 1907 16.
1208 1872 1241 1920 §
1258 1883 1290 1918 5.
1315 1885 1385 1921 pro
1406 1875 1547 1913 ἐκδόσει.

26 1923 111 1959 esus
133 1919 332 1968 legendum
356 1931 462 1966 putat
483 1922 743 1961 ἒκῧειάσκσθη.
771 1919 883 1955 Leisn.

126 1970 185 2004 De
205 1968 396 2016 Theophr.
429 1973 512 2004 loco
540 1983 575 2003 v.
601 1970 717 2006 Fisch.
742 1970 789 2005 N.
814 1981 848 2015 p.
868 1977 946 2009 118.
966 1982 995 2005 a.
1017 1981 1066 2005 m.
1101 1981 1184 2006 cum
1205 1969 1287 2006 lnd.
1314 1983 1348 2007 v.
1369 1977 1461 2016 ixa,
1501 1984 1545 2012 ut

22 2018 127 2056 idem
147 2016 267 2055 Leisn.
291 2019 330 2054 in
353 2031 402 2054 m.
425 2020 496 2056 Ms.
520 2020 583 2067 Eg.
611 2018 823 2058 „divinitus
844 2018 1009 2055 accidisse
1027 2019 1165 2056 credita
1184 2019 1263 2055 est(r
1288 2033 1379 2069 quae
1400 2024 1546 2061 formu·

23 2068 60 2105 la
80 2080 166 2104 cum
184 2067 259 2103 illis
280 2080 332 2114 pr.
357 2069 526 2117 longior,
555 2068 598 2105 ad
618 2067 759 2104 sensum
777 2066 905 2104 eadem
929 2069 979 2104 est
997 2080 1083 2104 cum
1105 2072 1163 2118 Rg.
1183 2070 1368 2111 breviore,
1398 2085 1438 2109 et
1452 2075 1545 2109 Ver-

22 2116 139 2159 fioni,
167 2119 210 2153 ad
229 2116 325 2153 latus
345 2119 565 2163 ponendae,
594 2116 964 2164 proptereaapriore‚
993 2129 1009 2152 a
1028 2119 1136 2153 nobis
1154 2118 1301 2154 trastata
1326 2120 1368 2155 ad
1393 2134 1424 2163 ι,
1441 2136 1450 2158 ι
1465 2125 1544 2166 ι,6.

22 2179 98 2208 m.,
136 2165 298 2202 ducente
319 2166 404 2202 Sch.
426 2166 487 2202 hic
516 2181 536 2202 e
559 2167 594 2201 P.
613 2166 745 2213 partim
778 2167 987 2215 „imputata
1012 2166 1060 2216 est
1085 2167 1158 2202 diis
1186 2176 1272 2203 ναί(
1308 2169 1368 2204 sed
1391 2173 1477 2208 ΒΗΑ.
1498 2173 1541 2208 C.

22 2224 110 2261 398.
126 2225 157 2260 3.
186 2215 371 2254 „Hei-odi.
395 2215 441 2251 de
459 2217 602 2259 templo
621 2214 723 2252 Pacis
745 2215 868 2251 exusto
890 2215 1051 2252 fulmine
1065 2241 1076 2258 ,
1103 2214 1229 2255 ὅθεν·
1250 2221 1338 2264 ἐξεθ.
1361 2221 1462 2257 unde
1483 2233 1544 2258 res

19 2275 104 2302 tota
126 2264 164 2299 in
182 2263 405 2312 religionem
427 2266 548 2301 trulla
568 2264 644 2313 est‘t
672 2277 739 2312 pro
759 2276 836 2312 quo
856 2267 933 2309 δερ.
950 2266 1024 2301 Th.
1051 2278 1083 2306 ι,
1108 2277 1210 2313 1535.
1235 2268 1274 2303 F.
1291 2281 1321 2303 e.
1352 2272 1426 2308 „dc
1448 2281 1544 2308 tem-

50 2313 90 2349 lo
109 2314 187 2349 vac.
209 2325 266 2348 ex.
290 2314 390 2350 fulm.
415 2325 453 2350 et
471 2315 594 2360 pluvia
616 2313 780 2351 extineto
803 2315 980 2350 incendio
995 2340 1005 2356 ,
1043 2314 1098 2353 ὅθ.
1118 2335 1154 2342 -
1174 2320 1220 2361 ἐξ.
1242 2317 1278 2351 in
1298 2317 1360 2353 rel.
1384 2321 1542 2356 trullum

27 2359 99 2414 st“
128 2374 194 2409 per
214 2363 335 2399 multo
356 2362 602 2400 difficiliorem
626 2363 873 2400 reddentibus
894 2364 1038 2409 phrasin
1070 2367 1290 2402 vocabulum
1313 2368 1401 2411 Gr„
1436 2369 1542 2418 quod

78 2410 197 2448 iverse
212 2423 231 2446 a
252 2414 312 2461 Bg.
336 2412 579 2449 enunciatum
596 2413 740 2449 excusat
754 2414 859 2448 lacus
872 2413 932 2448 hic
945 2413 1140 2459 palmarius
1153 2438 1163 2454 ,
1194 2414 1257 2450 ubi
1272 2428 1336 2462 per
1352 2417 1541 2456 subiuncta

47 2460 202 2498 uaedam
227 2460 456 2508 explicatur,
493 2462 606 2510 idque
634 2474 698 2509 per
727 2473 811 2509 gen.
842 2464 1014 2510 conseq„
1054 2475 1214 2509 quorum
1237 2465 1476 2513 participium
1499 2468 1542 2504 in

40 2509 85 2546 ali
106 2510 206 2546 causa
229 2510 428 2548 resolvitur
456 2524 533 2547 non
556 2524 630 2548 tam
651 2510 781 2548 causali
804 2511 1004 2558 particula,
1040 2524 1148 2559 quam
1176 2513 1301 2554 modi,
1336 2528 1370 2552 v.
1394 2529 1425 2552 c.
1447 2522 1541 2559 dum,

47 2559 130 2596 obis
148 2558 276 2595 indem.
327 2561 419 2598 Mox
439 2561 522 2596 Sch.
543 2560 609 2597 tria
633 2561 812 2596 vocabula
835 2561 874 2597 in
904 2578 1022 2608 »καιμ
1045 2571 1110 2609 per
1132 2563 1230 2598 adem
1254 2575 1408 2610 tempus,
1443 2571 1540 2612 (non

35 2619 144 2646 evere
162 2607 310 2650 reddit.
344 2608 393 2645 cf.
415 2608 450 2655 §.
473 2622 501 2644 ι.
515 2635 527 2651 ,
554 2609 720 2657 neglessa
743 2622 760 2644 a
783 2611 819 2645 Ρ.
837 2620 877 2646 et
897 2614 947 2658 lig
974 2635 984 2652 ,
1018 2610 1252 2648 vertentibus
1273 2616 1386 2651 modo
1399 2615 1541 2653 formu-

54 2669 91 2693 m
107 2656 330 2701 adiunstam,
355 2658 485 2706 utipse
496 2658 586 2695 fecit
600 2660 636 2694 in
659 2659 741 2694 adv.
772 2660 876 2698 „eius
896 2671 965 2695 aet.
984 2661 1164 2695 hominesss
1194 2672 1230 2696 at
1249 2661 1287 2698 in
1301 2666 1419 2709 artic.)
1443 2672 1472 2703 οι
1490 2683 1542 2707 τ..

67 2706 191 2742 itunc
210 2707 386 2744 vivebant
409 2717 491 2754 3.8,
519 2716 598 2748 ι8.“
628 2709 693 2744 ubi
719 2708 763 2744 fic
784 2708 857 2744 line
876 2709 1003 2752 lumb,
1031 2709 1090 2743 hic
1102 2710 1283 2757 expresso.
1307 2717 1391 2750 iane
1403 2713 1541 2762 ellipsis

93 2754 251 2794 {licuius
268 2757 440 2805 particip.
453 2782 464 2800 ‚
493 2760 637 2804 ζῶντες,
664 2753 777 2800 ἶπες,
802 2758 966 2803 ’γινόμενοι
980 2784 990 2800 ,
1021 2768 1168 2795 tacente
1188 2765 1265 2807 stp.
1281 2762 1353 2800 Th,
1375 2765 1489 2801 etiam
1503 2766 1544 2802 in

42 2801 121 2844 ttic.
136 2815 176 2851 ι,
199 2808 432 2853 1¹51.A.e.‚
465 2807 531 2845 ubi
554 2807 682 2847 trassat
695 2807 794 2845 hanc
812 2807 1035 2852 formulam,
1068 2806 1111 2848 in
1130 2819 1202 2858 qua
1221 2813 1401 2861 temporis
1419 2814 1549 2853 adver-

727 2866 822 2929 Q<1
