1783 3133
215 86 318 139 330
359 85 531 129 LIBER
548 86 584 128 Ι.
625 85 750 130 CAP.
775 86 848 128 IX.
879 87 931 129 A.
956 86 1010 128 V.
1036 86 1086 130 C.
1116 95 1177 140 93
1194 95 1237 137 3.
1269 87 1408 132 CHR.
1433 88 1498 134 N.
1523 94 1641 139 180.

209 189 368 265 φήςει)
398 190 646 264 εἱσὸξαμεὲν
668 209 714 257 ¹¹,
756 197 832 245 καὶ
856 192 944 249 ςσὶς
981 197 1197 248 curriculo
1232 201 1474 266 ingreffus,
1519 217 1562 252 et
1604 205 1715 258 stans

206 274 248 320 ἐν
278 272 394 340 μέσῃ
430 273 482 339 τῇ
503 274 658 339 σκηνῇ,
697 273 760 334 τῷ
790 292 838 320 τε
870 274 944 326 τῆς
980 279 1024 322 in
1076 277 1219 322 media
1267 278 1386 324 scena
1410 314 1422 333 ,
1484 280 1716 345 postquam

202 344 343 415 χειξός
367 345 543 411 νεύματι
567 344 635 394 τᾶν
659 340 789 410 δῆμον
802 367 944 394 κοιτα-
980 364 1092 398 nutu
1153 369 1308 397 manus
1371 355 1541 418 populo
1591 357 1716 405 filen-

203 421 432 486 wydo-ag,
493 423 590 481 „015
631 418 940 489 πανηγυξῖζειν
982 432 1028 476 8.
1067 428 1177 473 tium
1211 427 1482 493 imperalset,
1519 428 1627 478 Non
1646 429 1714 481 lu-

259 574 262 577 ·
289 566 327 601 u)
352 563 491 594 Comma
511 559 577 593 hoc
597 570 669 593 erat
687 561 720 612 in
741 568 781 597 Α.
804 561 849 593 al.

247 672 446 718 εἷσδραμὼ)
474 672 557 707 Sch.
584 672 624 708 in
643 673 716 708 hoc
739 686 774 709 v.
796 684 881 708 cum
903 673 989 720 Bg..
1015 671 1199 708 servantes
1220 687 1240 709 e
1254 674 1291 710 l‘.
1313 683 1460 711 tantum
1482 670 1565 713 adv‘.
1578 689 1710 723 unum,

195 735 279 759 curn
302 725 459 758 alterum
482 733 623 770 repente
644 723 754 769 plane
771 721 926 757 liberum
946 721 1054 761 effer,
1084 721 1131 756 cf.
1155 735 1186 761 1.
1204 735 1240 767 7,
1261 733 1291 769 3.
1314 723 1336 761 i.
1352 749 1362 765 ,
1399 737 1478 760 non
1503 728 1711 772 praebenti-

197 772 267 807 bus
287 772 369 807 sane
389 770 492 806 lndd.
519 783 557 807 et
577 772 707 808 G.Th.
728 774 891 807 lever-um
912 772 990 806 Lat,
1008 771 1256 812 ,finem-rere,
1281 777 1498 816 ἐπιτρέχειν·
1523 787 1568 810 eo
1587 777 1709 819 sensu,

194 831 272 867 quo
292 818 354 855 hic
375 819 534 860 utimur,
567 832 637 866 pro
667 820 837 856 celeriter
862 819 986 866 aliquo
1008 819 1057 855 ire
1074 819 1099 853 s.
1125 820 1272 862 veni1e;
1309 822 1373 855 ubi
1396 832 1517 859 tamen
1544 837 1623 861 non
1650 825 1708 862 in.

194 867 456 910 commodum‚
492 867 606 905 etiam
634 871 755 917 quoad
789 881 909 915 praep.
945 880 1183 911 „ac-currere,
1219 875 1465 913 πρεστςέχειν,
1499 877 1627 919 exire„
1659 874 1707 910 ad

191 917 336 966 aliquid
357 916 380 951 s.
393 918 552 965 aliquem
574 924 745 955 currere“
773 919 935 964 spretum
957 917 1109 952 fortaffis
1129 927 1166 952 et
1186 917 1324 964 iplum,
1352 918 1437 965 quia
1455 930 1532 955 non
1553 922 1706 962 haberet

189 965 430 1014 participium
450 966 662 1013 praeteriti,
690 969 791 1016 quod
813 969 875 1014 Bg.
895 965 1069 1002 ass‘ecutus
1090 967 1176 1006 sue,
1211 976 1342 1000 contra
1364 966 1453 1003 dans
1471 970 1638 1014 praesens
1664 971 1705 1008 in

188 1015 242 1063 sq.
268 1031 320 1056 ς..
346 1026 387 1050 ut
405 1016 465 1056 P.,
492 1027 514 1050 e
533 1027 610 1064 quo
629 1017 713 1051 Sch.
738 1016 851 1064 magis
877 1027 1020 1062 „quum
1042 1013 1243 1063 constitsse't
1261 1013 1444 1062 inscena“
1465 1017 1609 1063 prorsus
1622 1024 1704 1056 non
1781 1053 1783 1056 .

188 1074 348 1100 tenente
369 1066 448 1110 Stp.
472 1063 546 1099 Th.
564 1078 597 1099 v.
616 1067 802 1110 εἷσδραμεῖν
823 1062 849 1099 s.
868 1070 1074 1109 εἱστςέχειν,
1112 1063 1173 1098 sed
1202 1063 1313 1099 modo
1343 1063 1446 1100 subst.
1479 1071 1635 1111 εἰσδρσμῆ,
1663 1079 1720 1114 et,
1781 1106 1783 1114 ¹

189 1112 361 1158 ἐσδρομῆ,
388 1114 486 1160 quod
507 1112 582 1149 fine
604 1114 750 1150 aneton:
772 1114 955 1160 prolatum
977 1126 1008 1147 v.
1030 1126 1086 1159 ap.
1101 1113 1246 1152 Thum,
1274 1121 1318 1148 ut
1328 1124 1384 1159 ap.
1404 1114 1489 1150 Hes.
1505 1127 1537 1157 1,
1554 1129 1701 1161 ¹455·e·
1781 1126 1783 1142 ³

186 1158 447 1207 ἔσδραμῦ).ιὲον,
476 1161 650 1209 εἶ’σδςαμε,
673 1162 738 1200 ubi
757 1163 795 1198 in
818 1164 868 1198 N.
891 1174 929 1199 et
949 1167 1146 1207 εἰσέδραμε,
1172 1171 1215 1197 ut
1243 1161 1285 1197 in
1309 1161 1356 1196 N.
1388 1163 1434 1197 T.
1463 1162 1541 1199 Ast.
1565 1176 1622 1207 12,
1645 1178 1701 1211 ¹4.

185 1213 432 1257 εἰσδραμοῦσα,
459 1224 535 1258 quo
554 1223 654 1248 caret
671 1214 709 1248 l...
732 1211 858 1249 stock.
872 1235 883 1252 ,
919 1224 998 1247 non
1018 1213 1109 1246 item
1129 1211 1214 1251 rel„
1247 1211 1286 1245 in
1304 1210 1393 1246 Krb.
1422 1211 1621 1262 „pqslquam
1643 1215 1702 1251 in.

185 1271 247 1297 tro
266 1267 503 1296 cucurrerat“
529 1260 752 1307 agnoscente
776 1260 887 1296 etiarn
917 1273 951 1296 v.
973 1262 1011 1296 L.
1036 1260 1119 1297 Ern.
1146 1264 1364 1305 ..sie-reims,
1398 1261 1570 1296 incurro-⁶
1604 1263 1698 1300 mihi

183 1321 266 1344 non
290 1320 473 1354 praeterea
492 1322 703 1355 repertum,
732 1310 890 1356 hicque,
916 1320 957 1346 ut
980 1310 1018 1345 in
1038 1310 1122 1343 loco
1146 1309 1266 1350 [εει-ο,
1296 1312 1388 1343 stans
1407 1310 1585 1351 absolute,
1612 1325 1699 1349 cum

181 1358 320 1395 Noster
339 1359 488 1404 proprie
507 1358 630 1394 dicere
653 1358 846 1398 debuerit,
881 1356 1063 1403 5:²03qaualv
1083 1363 1127 1399 εἷς
1145 1356 1205 1399 τὴν
1223 1355 1342 1399 σκηνήν
1356 1380 1368 1398 ,
1398 1357 1453 1401 uois*
1475 1363 1534 1401 τὰς
1554 1364 1586 1397 ἐν
1607 1367 1695 1408 μέσῃ

182 1408 296 1453 αὐτῇ,
322 1405 347 1441 s.
375 1413 419 1448 εἰς
438 1415 541 1451 μέσην
560 1407 621 1449 τῆν
638 1423 713 1448 cm,
734 1406 797 1453 rum?
816 1412 875 1449 ςὰς
893 1413 925 1444 ὲν
950 1412 1040 1454 αὐτῇ
1059 1408 1081 1441 l.
1103 1412 1180 1443 ἐκεῖ.

232 1474 282 1518 τῷ
300 1487 339 1508 τε
358 1481 417 1515 τῆς
433 1488 468 1516 χ.
489 1475 531 1516 ν.)
554 1473 638 1508 sch.
659 1472 696 1508 in
718 1488 755 1517 χ.
783 1490 835 1514 ,,ν.
855 1485 983 1508 manus
1004 1483 1090 1507 nasu
1111 1470 1498 1519 filentiumimperans,
1516 1473 1563 1510 cf.
1573 1474 1698 1513 Astor.

180 1534 245 1562 21,
266 1533 326 1567 40.
348 1542 381 1549 —
403 1535 526 1558 και-αα.
545 1533 658 1569 quum
669 1524 780 1568 silere
802 1520 948 1557 iuffiffet
962 1523 1123 1570 populum
1148 1532 1242 1555 nuru
1266 1527 1416 1557 manus“
1442 1535 1525 1558 cum
1536 1524 1597 1570 Eg.
1621 1536 1695 1559 ina-

181 1570 260 1620 gis,
286 1578 393 1618 quarn
417 1582 502 1606 curn
524 1572 580 1610 P.;
613 1572 655 1607 ad
678 1571 813 1607 sacrum
832 1571 981 1606 locum,
1016 1572 1056 1605 it.
1080 1570 1124 1604 ib.
1152 1569 1195 1603 ad
1216 1581 1268 1610 12,
1295 1581 1368 1612 ¹7·=
1404 1570 1604 1607 adhibente
1622 1585 1694 1608 no-

179 1620 290 1656 strum
315 1619 405 1656 Prie.
420 1643 431 1659 ,
457 1618 522 1663 (cf.
546 1621 650 1663 ExC.)
673 1621 782 1655 etiarn
804 1621 936 1658 Loesn,
958 1619 1039 1654 Ind.
1057 1630 1095 1654 v.
1115 1623 1332 1658 κατασείειν,
1359 1618 1420 1654 sed
1440 1619 1514 1655 line
1538 1622 1623 1660 Vs..
1648 1622 1692 1657 it.

178 1670 260 1714 Stp.
274 1669 348 1704 Th.
369 1678 397 1712 3,
418 1667 561 1710 781.i.,'
588 1669 648 1704 ubi
672 1680 793 1704 tamen
819 1681 850 1714 ρ.
875 1681 928 1714 pr.
949 1680 1032 1702 cum
1052 1670 1114 1712 Bg.
1133 1665 1273 1711 phr³fi;
1312 1677 1469 1715 tenente
1489 1671 1535 1704 G·
1555 1670 1629 1705 Th.
1649 1670 1691 1706 in

177 1717 284 1754 subst.
303 1730 386 1753 cum
401 1719 466 1752 Gr.
490 1729 528 1752 n.
556 1715 724 1765 „lignum
738 1742 748 1757 ‚
775 1717 878 1764 quod
901 1715 943 1751 fit
962 1716 1082 1762 capite
1100 1714 1125 1749 s.
1148 1714 1379 1759 superciliiw
1408 1719 1453 1752 de
1472 1729 1576 1751 manu
1595 1717 1690 1754 adeo

177 1765 297 1808 nihil,
325 1779 361 1801 et
383 1779 440 1800 me
462 1777 614 1812 quoque
635 1766 748 1801 modo
769 1765 871 1801 ssrbst.
893 1767 958 1801 Gr.
981 1778 1014 1799 v.
1036 1777 1077 1800 ex
1099 1763 1179 1799 Ael.
1195 1764 1236 1798 V.
1261 1763 1297 1800 h.
1318 1764 1474 1806 etLuc.,
1500 1766 1566 1814 qui
1585 1776 1691 1803 nutus

174 1815 238 1851 hic
259 1815 372 1850 etiam
394 1813 501 1850 estin
524 1827 630 1850 motu
645 1839 656 1854 ,
681 1826 724 1850 ut
746 1816 783 1849 in
803 1815 868 1850 (ἃς.
889 1813 1063 1849 membris
1087 1812 1170 1848 illis.

226 1868 262 1902 οὗ
281 1866 422 1908 wamy.)
447 1863 531 1898 sch.
564 1864 607 1899 ad
630 1865 668 1899 P.
697 1865 895 1904 „ludorum
929 1873 1061 1911 tempus
1081 1861 1148 1897 tibi
1175 1861 1254 1910 ψ’*
1281 1860 1393 1896 modo
1414 1861 1558 1900 addidit
1578 1876 1686 1910 pron.

176 1913 273 1954 dat„
308 1925 383 1960 quo
413 1911 564 1953 omisso,
593 1914 653 1960 Bg.
672 1925 801 1949 contra
829 1926 849 1949 e
869 1914 909 1948 P.
930 1911 1086 1948 servavit
1106 1911 1146 1946 in
1166 1909 1337 1946 vocativo
1365 1911 1687 1957 exclamationem,

174 1963 225 1999 cf.
253 1975 284 2003 ι,
299 1965 331 2003 6,
358 1974 410 1997 12.
435 1961 458 1996 i.
474 1986 484 2002 ‚
511 1963 685 2008 supplens
707 1961 807 1998 idem
830 1974 860 1996 ν.
884 1962 956 2002 ἐς),
983 1973 1024 1995 ac
1043 1973 1168 1997 ιπαν.
1192 1959 1350 1996 reddens
1363 1959 1424 1995 hic
1446 1973 1518 1997 una
1537 1973 1686 2001 tantum

202 2011 290 2047 hrali
315 2023 381 2055 pro
404 2010 541 2057 duplici
558 2011 589 2057 §.
605 2025 636 2056 4.
655 2025 710 2051 e..
739 2011 957 2048 tenentibus
975 2011 1060 2045 sane
1080 2010 1156 2045 Lat.
1177 2021 1245 2044 mm
1263 2008 1310 2057 est
1332 2009 1422 2044 mihi
1444 2020 1591 2059 tempus,
1614 2025 1685 2060 pro

171 2073 250 2098 non
275 2061 412 2100 haben,
437 2060 499 2095 led
518 2074 560 2096 ut
582 2062 618 2095 h.
642 2060 663 2095 l.
683 2060 749 2100 fit,
777 2073 855 2096 non
875 2060 985 2095 habes
1007 2069 1154 2104 tempus
1174 2069 1454 2104 opportunum,
1483 2059 1505 2094 s.
1525 2073 1602 2095 non
1623 2063 1686 2097 de-

171 2112 238 2146 bes
262 2109 328 2145 tibi
349 2121 494 2155 tempus
516 2111 678 2148 sumere,
714 2122 792 2144 non
815 2121 924 2156 potes
942 2108 1010 2144 tibi
1030 2107 1238 2144 concedere
1259 2117 1404 2153 ternpus
1419 2131 1429 2147 ,
1464 2108 1513 2145 cf.
1537 2109 1583 2145 G.
1604 2111 1682 2146 Th.

169 2159 209 2195 in
235 2157 338 2196 subst,
360 2170 446 2200 741,
462 2169 520 2201 71.
549 2171 722 2205 „ternpus
744 2158 812 2207 est,
848 2168 889 2194 ut
909 2170 1026 2191 eamus
1042 2156 1250 2201 atlforum,
1290 2156 1312 2190 i.
1337 2158 1579 2194 commodum
1603 2159 1683 2195 est“

168 2207 234 2245 ubi
251 2209 321 2243 Ms.
346 2207 444 2242 casus
461 2207 554 2244 alius
573 2208 622 2243 cst
651 2221 670 2242 e
691 2207 788 2253 lapsu
811 2208 849 2243 in
879 2207 1036 2248 litteris,
1069 2216 1134 2241 aut
1157 2217 1178 2240 e
1203 2203 1311 2252 gloffa
1339 2217 1406 2251 per
1434 2207 1681 2254 comparatio-

167 2270 269 2297 nem,
301 2268 384 2291 cum
398 2268 454 2301 ap.
468 2257 641 2292 Nostrum
666 2255 709 2292 sit
729 2269 881 2304 quoque
902 2255 1064 2291 formula
1085 2251 1197 2299 καιρός
1217 2255 1268 2291 ἐςι
1286 2252 1361 2289 fine
1380 2254 1452 2290 dat.
1468 2268 1575 2302 pron.
1595 2269 1681 2298 cum

167 2319 241 2342 acc,
263 2316 300 2340 et
325 2304 387 2340 inf
405 2331 416 2344 ,
454 2306 572 2342 relato
597 2312 635 2342 σὲ
653 2306 697 2340 ad
718 2319 753 2342 v.
772 2321 869 2346 xxv..
909 2317 977 2340 non
997 2305 1045 2339 est
1063 2314 1195 2350 tempus
1216 2314 1338 2344 nunc,
1374 2313 1411 2340 te
1438 2305 1499 2340 hic
1525 2306 1565 2340 in
1586 2306 1683 2343 cele·

166 2355 302 2392 brirate
321 2352 487 2400 versari,
514 2355 538 2390 s.
558 2356 628 2391 ess'e
649 2355 685 2391 in
704 2365 815 2390 coetu
838 2366 971 2401 magno
992 2365 1033 2388 ac
1052 2353 1264 2399 frequentia
1279 2376 1289 2392 ,
1327 2352 1386 2387 cui
1415 2355 1566 2390 notioni
1596 2355 1679 2390 uni·-

165 2402 312 2442 versae.
347 2413 522 2449 tanquam
545 2405 692 2451 generi,
724 2403 863 2441 subsint
882 2416 967 2439 mox
988 2404 1065 2450 sqq.
1096 2403 1194 2442 (ίυο,
1229 2400 1429 2448 [ρεξὶεςυία
1460 2415 1498 2439 et
1532 2403 1676 2440 vacatio

165 2454 210 2489 ab
230 2464 344 2493 opere
364 2464 450 2488 cum
470 2454 629 2494 laetitia;
653 2464 862 2500 quanquam
877 2463 914 2487 et
936 2453 982 2487 de
998 2455 1055 2499 ὃς.
1074 2452 1234 2487 notione
1254 2449 1455 2496 confistunt
1472 2450 1575 2488 fimul
1592 2455 1676 2490 θέαι

164 2500 218 2543 καὶ
241 2500 377 2545 ἑορταὶ.
409 2513 490 2536 cum
510 2504 586 2537 ludi
605 2502 714 2538 etiam
738 2502 809 2537 snit
827 2515 964 2537 nomen
987 2501 1153 2549 generis,
1181 2511 1337 2547 quorum
1355 2500 1555 2546 spefiacula
1574 2500 1595 2536 s.
1618 2502 1675 2538 lu-

165 2549 204 2586 di
225 2552 420 2586 theatrales
441 2550 526 2587 sunt
546 2552 701 2597 species;
724 2551 905 2587 reddente
918 2553 980 2598 Bg.
1003 2551 1056 2591 xx}
1079 2561 1142 2596 per
1163 2549 1242 2594 syn.
1265 2554 1304 2586 τὲ
1325 2561 1344 2583 e
1358 2552 1417 2590 P..
1444 2549 1504 2585 sed
1519 2561 1676 2587 tenente

163 2602 243 2647 Stp.
264 2598 338 2633 Th.
359 2611 392 2632 v.
417 2602 452 2635 Β.
481 2613 507 2638 ι,
527 2609 628 2643 1508.
645 2602 680 2636 F.
713 2612 854 2636 tantum
879 2599 1000 2636 Nostri
1029 2598 1181 2634 similem
1203 2600 1347 2639 locum,
1386 2598 1447 2634 ubi
1476 2599 1673 2644 copulatur

162 2649 267 2686 subst.
293 2658 365 2682 utr.
386 2648 445 2682 sed
464 2648 535 2683 alio
558 2651 715 2690 ordine,
741 2649 784 2684 ad
803 2649 1015 2685 variandum
1043 2648 1092 2689 ‚,l.
1118 2660 1152 2682 2.
1180 2650 1229 2692 (2,
1252 2655 1285 2688 8,
1315 2654 1368 2683 16.
1387 2649 1436 2691 e.)
1457 2645 1595 2693 ἑορταῖς
1615 2647 1674 2691 καὶ

164 2702 259 2740 θέαις
279 2696 411 2739 ἐπιδοὺς
429 2696 548 2736 ἑαυτὲν
560 2721 572 2740 ,
592 2699 714 2746 seriis
728 2710 768 2736 et
782 2697 990 2748 spec‘laecule's
1008 2696 1031 2733 s.
1044 2697 1136 2734 ludis
1154 2697 1324 2738 deditus,
1353 2695 1433 2743 (ubi
1453 2698 1550 2734 reete
1569 2709 1674 2746 prae-
