1772 3158
31 0 43 269 l
173 148 399 195 LIBERI.
435 147 681 194 CARXIL
718 150 772 193 A.
798 148 928 194 V.C.
956 157 1078 203 941.
1117 147 1256 193 CHR.
1281 149 1487 195 N.188.'
1524 123 1636 201 '471

118 261 341 329 ἕκμεισεν,
387 246 472 311 {fin
503 260 856 331 πολυανθςώπῳ
894 278 937 314 te
982 268 1154 327 viguit,
1221 275 1377 330 utpote
1418 266 1634 330 populosa

115 412 211 450 Plin.
237 425 296 459 ep.
318 424 348 447 v.
370 413 488 455 Rom.,
524 410 634 448 etiam
650 409 750 447 forte
770 423 836 458 pro
862 423 937 458 rep.
960 421 1061 452 tota,
1104 422 1146 446 ut
1166 410 1249 451 Gn,
1283 409 1391 446 nobis
1416 411 1480 444 der
1501 409 1625 446 Romi-

114 463 201 499 sche
231 463 373 508 Staan)
401 474 471 510 ego
501 459 652 508 quidem
676 459 738 495 hic
768 460 999 496 adhibuerim
1029 459 1214 496 rationem
1240 459 1320 504 syn.
1342 472 1407 505 per
1433 459 1503 494 adi.
1535 471 1623 496 cum

113 511 245 551 subst.,
285 512 476 546 Romanam
505 510 624 545 urbem
652 521 736 545 cum
759 509 839 545 Liv.
866 522 894 549 ι,
910 523 943 550 4.
967 523 996 545 e.
1030 522 1060 549 r,
1086 514 1135 545 16.
1151 523 1200 546 m.
1234 508 1283 543 cf.
1307 522 1328 547 e
1348 509 1440 544 Flor.
1463 508 1563 548 supra
1588 520 1622 549 1,

118 573 176 602 10,
195 572 228 603 7.
249 560 272 596 i.
292 561 343 595 N.
366 562 427 595 Bc.
448 572 533 595 cum
553 558 631 594 1nd.
655 561 767 594 Corn.
787 560 835 594 N.
860 559 945 595 Sall.
971 571 1008 594 et
1027 559 1130 600 lust„
1157 571 1249 606 quae
1271 568 1395 594 tamen
1414 557 1470 592 vel
1483 556 1528 592 fic
1541 556 1623 593 sen·
1672 561 1675 566 “

112 609 153 646 su
172 609 335 656 quodam
357 609 555 655 praecipuo
573 607 619 643 de
640 609 755 644 Roma
774 610 828 644 dr.
849 609 955 648 sane.
993 620 1029 644 et
1056 621 1118 654 par
1145 607 1197 644 est
1223 607 1266 643 ad
1293 606 1435 643 sensum
1458 605 1511 641 illi
1533 606 1618 642 Sch.

112 659 226 698 „urbi
246 659 415 693 Romae«
443 670 480 693 at
499 656 661 692 liberiori
680 684 691 699 ‚
715 669 798 693 cum
817 657 962 693 nomini
982 657 1135 704 proprio
1156 657 1286 704 populi
1307 655 1534 692 substituitur
1553 667 1621 690 no-

112 719 200 743 men
222 707 412 754 proprium
437 706 535 746 loci,
567 706 776 751 eodemque
797 707 878 742 casu
895 719 979 743 cum
999 705 1154 743 nomine
1176 705 1248 742 loci
1271 705 1515 752 appellativo,
1554 715 1619 751 per

109 755 380 804 appofitionem
395 779 406 796 ‚
441 755 490 790 cf.
513 757 559 790 G.
581 755 655 791 Th.
678 768 710 791 v.
728 757 769 792 R.
796 768 877 799 225,
897 768 952 801 54.
1536 771 1539 775 ·

160 802 223 842 ὅτε
239 807 336 850 πολ.)
363 805 606 841 Scribendum
626 804 689 845 est,
715 804 813 840 utin
836 806 931 840 Cod.
951 804 1062 840 exstat
1079 801 1162 850 οὔσῃ
1181 801 1281 850 φύσει
1299 801 1355 844 καὶ
1372 820 1406 840 r.
1453 800 1618 838 Primum

108 855 234 895 enim,
266 853 359 891 illud
379 852 480 900 φύσει
504 854 681 889 facillime
703 855 782 899 post
806 851 888 902 οὔσῃ
907 854 1074 890 excidere
1096 865 1261 900 poterat,
1298 851 1507 899 praesertim
1529 850 1552 886 fi
1572 850 1616 886 li-

109 903 199 940 teris
218 903 420 940 maioribus
441 903 615 950 scriptum
637 903 725 939 esset
743 912 872 940 OTCHI
892 911 1030 942 ΦΥΟΕΙ.
1082 902 1313 950 Deindeipsa
1324 901 1416 937 ratio
1429 896 1618 945 hocqm‘m

106 952 277 1000 requirit.
339 952 562 999 Opponitur
589 953 692 988 enim
718 952 914 989 hominum
946 951 1172 992 multitudo,
1208 964 1302 998 quae
1331 949 1458 997 suapte
1487 961 1616 985 natura

105 1003 247 1039 Romae
265 1013 364 1042 erat,
399 1000 492 1042 illis,
522 1001 586 1048 qui
603 1001 770 1049 undique
788 1001 834 1036 ad
851 1002 947 1037 hanc
973 1003 1102 1037 urbem
1129 1001 1373 1036 confluerent.
1435 998 1614 1046 Denique

106 1051 349 1087 Herodianus
366 1049 478 1086 etiam
496 1049 592 1085 infra
610 1052 678 1094 Ly.
698 1062 729 1085 c.
742 1063 776 1096 4.
797 1050 844 1087 stc
860 1051 1008 1087 locutus
1029 1051 1100 1091 est,
1136 1047 1234 1095 φύσει
1259 1054 1327 1095 ’γὰρ
1354 1050 1612 1093 πολυάνθρωπὸς

105 1097 191 1138 οὖσα
210 1098 230 1142 ἦ
247 1095 367 1145 Λιβύη.
391 1100 527 1135 Stroth.

203 1151 306 1185 Bona
326 1148 522 1184 suntthaec
545 1159 781 1196 argumenta,
816 1147 953 1184 et·fere
974 1147 1102 1184 eadem
1121 1159 1206 1182 cum
1224 1145 1356 1182 nostris
1375 1145 1413 1181 in
1436 1145 1492 1186 iis,
1517 1156 1613 1192 quae

104 1198 197 1234 olim
215 1197 314 1234 ad'h.
335 1197 359 1231 l.
380 1196 606 1243 scripsimus,
632 1197 770 1243 primo.
799 1208 1019 1234 contextum
1040 1208 1078 1233 et
1099 1194 1378 1242 oppofitionem
1398 1194 1436 1229 id
1457 1194 1616 1230 vocabu·

102 1249 182 1284 ium
206 1244 419 1293 requirere,
444 1257 483 1281 et
499 1246 574 1286 τούς
593 1261 764 1292 munz„
791 1246 992 1283 solitarium
1014 1245 1153 1292 alioqui
1176 1245 1215 1281 in
1236 1246 1334 1292 vulg.
1354 1243 1527 1285 stelione,
1549 1255 1615 1289 per

102 1295 194 1332 illud
219 1297 307 1331 Mss.
329 1290 429 1341 φύσει
450 1294 565 1343 magis
592 1294 778 1336 adiuvari,
811 1295 852 1331 it.
875 1295 1192 1336 concinnitatem,
1221 1294 1346 1329 relatis
1365 1292 1406 1329 ad
1426 1292 1461 1329 se
1479 1291 1526 1327 fic
1545 1304 1613 1338 pa-

100 1343 225 1385 ribus,
268 1342 445 1379 adverbio
471 1360 572 1380 παυτ.
600 1355 639 1380 et
661 1345 730 1381 abl.
759 1344 862 1380 subst.
884 1354 942 1390 φ.,
978 1343 1080 1392 quod
1109 1356 1293 1389 praeterea
1317 1343 1365 1379 ob
1386 1339 1467 1390 οὔσῃ
1497 1341 1611 1378 limile

99 1391 270 1442 potuerit
289 1391 399 1429 facile
416 1393 564 1440 omitti,
598 1392 648 1430 cf.
666 1394 713 1430 N.
727 1394 774 1431 T.
787 1394 869 1431 Gal.
893 1407 927 1439 4,
952 1403 987 1434 8.
1008 1395 1065 1430 ed.
1085 1394 1208 1440 Kopp.
1221 1417 1232 1434 ,
1260 1405 1340 1428 tum
1358 1392 1426 1427 effe
1447 1390 1611 1427 rimiliter

99 1455 158 1490 ap.
179 1441 300 1479 Nostr.
320 1453 354 1485 7,
378 1454 413 1488 4,
435 1451 468 1483 8.
489 1451 526 1488 φ.
551 1441 655 1478 fimul
675 1454 759 1478 cum
782 1443 855 1479 adi.
877 1454 955 1480 πολ.
977 1453 1017 1479 et
1035 1441 1205 1490 particip.
1227 1437 1324 1482 οὖσα,
1351 1440 1514 1488 denique
1525 1451 1613 1476 ean-

100 1492 196 1537 dem'
213 1491 293 1528 lest.
323 1492 417 1527 Mss.
439 1503 593 1540 quoque
621 1492 775 1539 exprimi
798 1505 817 1527 a
838 1493 875 1528 P.
904 1491 943 1527 in
970 1492 1038 1528 iuo
1055 1490 1193 1540 perse,
1228 1504 1363 1540 quem,
1399 1500 1609 1537 quanquam

99 1541 185 1577 alias
209 1540 449 1593 liberiorem,
485 1553 564 1576 non
590 1540 707 1578 videri
730 1554 852 1578 tamen
878 1540 940 1577 hic
958 1542 1018 1578 sua
1045 1541 1081 1578 id
1108 1541 1238 1587 sponte
1260 1538 1460 1588 pofiturum
1492 1536 1611 1579 fuiss'e,

98 1589 166 1626 nifi
188 1587 368 1626 habuisset
393 1589 433 1625 in
464 1589 530 1626 suo
558 1591 732 1638 exemplo
753 1591 865 1628 etiam
886 1601 946 1636 φ.,
979 1590 1024 1626 ad
1045 1589 1266 1634 sententiam
1290 1591 1386 1626 bene
1406 1587 1611 1624 redditum.

99 1639 147 1677 cf.
167 1640 215 1676 G.
235 1638 310 1674 Th.
334 1639 375 1674 in
394 1651 518 1687 praep.
543 1651 624 1683 772,
646 1649 704 1685 23.
732 1639 897 1688 ,‚perfi,
917 1656 957 1665 ·-
982 1639 1043 1676 sua
1063 1647 1221 1676 natura<‘
1250 1639 1311 1675 cui
1330 1651 1412 1685 par,
1439 1638 1614 1674 aGs.ne-

99 1689 276 1736 glestum,
302 1688 341 1723 in
352 1687 415 1736 se,
441 1688 545 1734 quod
567 1688 628 1725 hic
646 1702 719 1726 vet.
741 1691 856 1725 Vern.
878 1702 922 1725 ex
940 1689 1006 1725 illo
1028 1691 1066 1725 P.
1087 1688 1274 1735 sequitur3
1311 1700 1404 1736 quae
1431 1685 1612 1723 formulae

99 1749 254 1776 omneS,
281 1736 342 1772 hic
361 1737 408 1772 de
427 1737 518 1782 urbe
540 1737 698 1783 positae,
726 1738 874 1775 valeant
896 1738 918 1774 i.
933 1751 969 1785 q.
989 1737 1065 1773 fine
1083 1738 1155 1774 alio
1176 1737 1364 1783 respestu.
1387 1737 1427 1774 it.
1449 1748 1529 1771 non
1543 1734 1612 1770 ha·-

98 1786 176 1822 bita
205 1785 352 1822 ratione
374 1796 499 1821 rerum
526 1787 701 1829 aliarum,
735 1797 779 1822 ut
806 1790 1051 1828 advenarum,
1089 1786 1134 1822 cf.
1154 1788 1202 1823 G.
1226 1787 1299 1822 Th.
1319 1799 1351 1821 v.
1367 1784 1426 1833 sui
1445 1788 1524 1830 639,
1549 1791 1608 1823 28·

101 1835 247 1883 „perse
261 1854 301 1861 —
318 1833 528 1870 excludit—
541 1834 761 1871 relationem
781 1843 1072 1884 quamcunque“
1099 1836 1156 1871 vel
1177 1848 1242 1881 pro
1261 1835 1321 1871 sua
1342 1832 1611 1875 constitutione

99 1897 139 1919 ac
158 1882 379 1920 conditione
400 1882 578 1927 naturali,
615 1884 784 1925 interna,
810 1884 971 1932 propria,
1004 1884 1212 1931 praecipua,
1243 1883 1267 1919 i.
1290 1880 1550 1932 magnitudine
1570 1891 1609 1917 et

97 1931 370 1979 amplitudine,
407 1931 448 1968 it.
472 1932 704 1980 principatu,
739 1945 778 1969 et
798 1932 886 1982 quia
908 1933 958 1969 est
974 1934 1058 1969 urbs
1083 1932 1180 1980 regia
1201 1944 1239 1969 et
1262 1933 1458 1980 princeps,
1493 1931 1534 1966 it.
1556 1929 1608 1965 le·

97 1983 227 2029 gibus,
255 1979 443 2022 moribus,
471 1981 647 2018 institutis
666 1981 761 2024 suis,
795 1981 1039 2030 omniumque
1059 1995 1203 2023 rerum,
1237 1981 1282 2017 ad
1312 1983 1409 2018 bene
1439 1991 1608 2016 commo-

96 2032 219 2078 deque
238 2030 443 2066 vivendum
465 2031 759 2078 pertinentium,
782 2031 1018 2068 abundantia.
1079 2031 1228 2073 Quibus
1250 2032 1297 2068 de
1316 2029 1425 2067 caufis
1443 2029 1527 2065 sane
1545 2027 1608 2064 ab·

94 2079 170 2117 fuit
191 2091 331 2127 parum,
353 2079 447 2128 quin
466 2078 673 2128 reciperem
691 2080 890 2117 lestionem
903 2082 992 2116 Mss.
1006 2105 1016 2120 ‚
1045 2079 1112 2117 nili
1131 2091 1260 2116 contra
1279 2077 1488 2127 cogitassem
1502 2078 1606 2118 haec,

96 2128 242 2178 primo,
281 2129 372 2168 Mss.
399 2127 543 2164 nostros
573 2129 620 2165 de
648 2129 756 2177 gloss'a
783 2129 962 2174 suspeftos
982 2130 1075 2172 else,
1104 2140 1143 2165 et
1161 2141 1181 2163 e
1202 2129 1264 2165 tali
1287 2129 1486 2165 emendato
1507 2125 1604 2163 Cod-

96 2177 210 2214 etiam
234 2177 398 2219 haurire,
432 2188 476 2213 nt
502 2177 612 2220 alibi,
650 2177 807 2225 potuisse
835 2179 899 2219 1³„
944 2190 1021 2214 tum
1051 2178 1140 2214 illud
1160 2188 1196 2223 φ.
1221 2192 1267 2216 ex
1287 2177 1354 2214 isto
1376 2177 1453 2224 ipso
1485 2177 1604 2212 altero

94 2226 218 2266 Nostri
243 2227 329 2262 loco
359 2238 424 2273 per
452 2227 599 2274 glotsam
627 2239 665 2264 et
693 2227 1008 2274 comparationem
1036 2241 1055 2263 e
1078 2239 1187 2275 marg.
1218 2225 1258 2263 in
1286 2237 1428 2264 textum
1447 2223 1605 2262 fortassis

96 2275 167 2312 esse
184 2287 399 2322 receptum,
428 2287 540 2322 porro
562 2275 599 2311 in
621 2278 738 2313 altero
756 2276 840 2312 loco
863 2286 899 2322 φ.
921 2287 961 2312 et
979 2271 1064 2314 οὖσαι
1087 2275 1272 2317 ‹nstra-sta,
1299 2274 1520 2322 diversoque
1543 2285 1605 2310 ex·

97 2325 209 2372 press'a
232 2323 334 2367 casu,
377 2324 437 2360 hic
465 2325 504 2360 in
532 2325 667 2361 vicinia
694 2338 778 2362 cum
804 2325 921 2365 stent.
949 2325 1096 2362 auribus
1117 2338 1194 2361 non
1218 2324 1288 2361 effe
1316 2326 1365 2360 ita
1394 2324 1519 2361 mollia
1552 2322 1603 2359 ob

99 2375 370 2418 ὄμοιοτὲλευτον,
396 2377 622 2422 (quanquam
643 2387 773 2411 contra
795 2373 915 2410 afferri
943 2386 1085 2422 queant
1104 2374 1272 2420 exempla
1297 2374 1395 2411 lusus
1418 2369 1605 2409 eiusmodi

96 2423 137 2460 in
160 2421 280 2459 verbis
304 2435 359 2469 ap.
372 2422 522 2468 Nostr.,)
542 2434 728 2471 praeterea
747 2422 1045 2466 concinnitatem
1058 2436 1136 2459 non
1157 2423 1294 2470 ubique
1307 2422 1507 2471 urgendam
1520 2418 1604 2462 effe.

97 2484 139 2510 et
162 2472 198 2507 id
222 2472 404 2525 <tx-saltem
428 2483 554 2509 mente
573 2472 732 2520 suppleri
752 2471 864 2520 poffe,
891 2485 962 2508 nec
982 2473 1123 2510 summe
1144 2471 1380 2508 necessarium
1403 2471 1488 2508 esse·
1516 2481 1605 2506 cum

97 2531 137 2558 et
161 2524 218 2569 Bg.
243 2523 318 2556 lune
339 2534 386 2556 eo
405 2521 582 2562 verterit,
616 2535 657 2558 ut
677 2534 802 2559 tamen
820 2522 883 2557 hic
903 2522 977 2558 {ine
997 2523 1091 2559 Mss.
1113 2520 1281 2569 potuerit
1309 2521 1455 2558 securus
1475 2520 1544 2555 esse
1565 2528 1606 2554 et

97 2582 246 2618 putare,
282 2571 319 2608 Ρ,
336 2570 444 2618 cgiffe
465 2570 601 2613 libere,
629 2582 687 2613 at,
711 2571 960 2607 animadversa
982 2573 1071 2608 Mss.
1091 2569 1252 2607 lectione
1273 2582 1310 2608 ct
1329 2567 1606 2616 conspiratione

97 2632 181 2655 cum
205 2621 262 2659 Ρ.,
291 2619 448 2656 eandem
467 2619 569 2655 forte
585 2621 840 2667 comprobare.
888 2623 930 2657 ln
957 2632 1028 2668 qua
1047 2619 1288 2667 ambiguitate
1310 2632 1350 2655 ac
1371 2617 1606 2656 dubitatione

96 2670 266 2704 nondum
285 2667 392 2714 potui
419 2668 625 2705 novitatem
644 2670 863 2710 admittere,
891 2669 982 2705 olim
1001 2682 1102 2705 certe
1122 2669 1161 2704 in
1182 2671 1228 2705 Ν.
1249 2680 1288 2705 et
1306 2669 1354 2707 V.
1373 2670 1414 2704 L.
1433 2678 1607 2714 repeten-

94 2719 178 2754 dam
192 2743 202 2755 .
227 2717 289 2754 sed
309 2718 379 2753 iam
405 2730 517 2764 porro
538 2730 664 2753 curare
683 2717 821 2767 reliqua
835 2744 845 2760 ,
881 2717 1023 2765 primo,
1060 2718 1192 2755 melius
1212 2719 1250 2754 P.
1275 2717 1414 2754 referre
1433 2716 1520 2753 duas
1545 2727 1606 2750 co-

96 2767 282 2814 pulativas
299 2777 335 2803 et
356 2785 392 2794 -
410 2776 443 2803 et
470 2779 536 2815 pro
555 2779 627 2804 una
646 2767 687 2804 in
705 2774 743 2805 τέ
765 2787 799 2797 -
819 2768 873 2810 xx?
887 2770 950 2817 ssg.
973 2768 1120 2809 iterum,
1150 2767 1214 2814 qui
1237 2765 1376 2804 deinde
1392 2766 1550 2805 severior
1569 2763 1610 2800 in
