1772 3158
153 118 180 162 9
193 118 216 148 2
229 70 271 147 0⁷
567 104 868 152 ExcvRsvs
904 106 988 152 AD
1027 108 1179 152 ΗΒΕ,
1209 108 1245 153 1.

151 226 300 263 tempus
318 214 465 254 finitum
479 239 491 257 ,
523 214 583 252 sed
607 227 734 253 contra
757 216 822 252 Gr.
843 215 907 261 ὦχ.
926 215 1034 259 finito
1051 228 1223 263 tempore
1244 214 1283 253 in
1301 217 1561 267 participium,
1583 231 1651 267 pro

151 263 413 307 severioribus,
445 274 546 314 capto
568 277 627 305 eo.
653 265 740 312 fuga
759 265 898 313 abiisti,
928 266 953 300 s.
975 265 1104 302 curfim·
1123 267 1147 303 s.
1167 265 1365 303 curriculo.
1420 281 1421 285 ¹

249 314 435 350 Addimus
453 313 630 361 quaedam
650 314 694 349 ad
714 313 882 350 vertendi
901 315 1083 351 rationem
1096 339 1107 357 ,
1131 327 1172 352 ut
1191 314 1311 361 priora
1332 316 1389 351 vel
1412 316 1650 360 illustrentur,

153 361 214 399 vel
237 362 517 400 confirmentur.

256 414 290 451 ι)
314 410 335 446 fi
358 411 441 459 quis
463 412 499 448 in
520 409 677 447 formula
697 409 800 448 ἂπιῶν
818 416 922 455 ᾤχετο
940 410 1101 447 versetur
1121 423 1272 459 quoque
1292 411 1538 454 resolvendo,
1563 426 1596 450 ν.
1618 426 1650 449 c-

152 455 296 507 disceffit
314 471 351 496 et
367 462 478 502 abiit,
507 460 549 496 it.
568 458 609 494 in
630 460 738 494 altera
759 458 889 504 φεύγων
908 465 1033 504 ᾤχετο,
1049 461 1160 509 fugit
1178 472 1217 496 et
1233 461 1346 496 abiit:
1372 460 1402 498 is
1420 461 1654 509 copulaverit
1695 472 1706 485 “

152 507 394 556 synonymica
417 509 616 549 rhetorice,
641 521 734 555 quae
755 508 877 554 aliquo
898 509 1001 555 pacto
1022 507 1201 545 differunt
1222 520 1357 551 tamen,
1384 522 1464 546 cum
1478 511 1578 546 abire
1593 511 1654 545 ha-

153 558 238 594 beat
257 568 399 593 motum
418 556 541 594 eloco
561 555 776 602 simplicem,
800 569 837 592 at
852 557 982 605 fugere
999 555 1227 598 celeriorem,
1253 558 1342 594 utin
1355 555 1499 606 discrffit
1513 569 1551 595 et
1562 559 1653 594 abiit

152 617 282 652 tropus
311 605 471 642 diversus
501 617 672 651 apparet;
710 605 810 641 unde
838 607 1044 652 tautologia
1074 606 1190 642 inanis
1216 619 1295 643 non
1319 607 1557 649 admittatur,
1592 607 1653 642 sed

152 655 270 690 modo
289 655 395 700 copia
416 654 606 700 quaedam,
634 655 751 701 qualis
773 653 819 689 est
838 668 875 690 et
894 654 933 690 in
952 654 1025 690 illis
1046 654 1283 695 nostratium,
1306 668 1339 691 v.
1358 670 1386 691 c.
1408 655 1654 704 ergiengund

151 704 290 738 machte
311 703 381 740 fich
403 706 542 740 davom
574 702 599 737 s.
623 713 708 751 trug
727 702 799 738 fich
818 705 956 744 clavom
983 716 1076 751 quae
1098 703 1224 749 potius
1240 717 1428 752 comparo,
1453 717 1560 752 quam
1578 707 1656 740 Cic.

152 752 216 788 illa
235 752 326 787 abiit
340 778 348 793 ‚
372 749 530 795 exceffit,
555 752 686 796 ευτςίῐι,
713 753 845 801 erupit,
873 753 973 799 quod
995 752 1202 799 asyndeton
1218 752 1341 789 severo
1361 754 1556 800 interpreti
1577 766 1654 792 non

153 801 384 846 permissum,
412 800 474 836 etii
495 799 557 836 fibi
577 800 676 836 idem
688 799 763 837 Cic.
787 800 945 848 permisit
965 801 1183 839 inl’lat.illo
1205 804 1350 849 ap.Stp.
1362 802 1504 840 Th.1.1.
1529 801 1655 846 »οἰχή-

152 863 250 892 σει-οη
269 849 385 891 alu-143⁹,
413 849 499 886 hinc
517 851 703 890 excedam,
730 848 1007 886 hinc‘evolabou
1031 849 1054 886 si
1075 860 1200 886 tamen
1223 850 1354 887 Cicero
1376 851 1465 888 illuc
1484 850 1657 896 respexit.

254 916 292 957 2)
317 914 356 949 in
378 914 448 951 illis
472 913 671 962 participiis
693 914 744 952 Ξῶν
762 926 799 951 et
819 916 921 952 ἐλέγαῗν
947 927 1024 951 non
1053 915 1097 950 ab
1124 914 1298 950 omnibus
1326 914 1480 952 sumitur
1510 915 1567 950 vis
1595 914 1657 951 illa

154 962 357 999 celeritatis
379 976 415 1000 et
433 964 618 1010 impetus,
646 963 693 1000 cf.
711 966 800 1000 Abr.
821 966 864 1001 ad
882 964 1010 1001 Aesch.
1035 976 1068 1005 1,
1094 968 1172 1006 167.
1187 977 1218 999 e.
1238 962 1289 1011 sq.
1303 988 1313 1005 ‚
1347 964 1471 1013 ub'qet
1489 960 1590 1009 ἔχετ’
1606 963 1659 1000 ἷών

154 1009 420 1057 μαντευσόμενος
439 1027 459 1049 e
480 1012 585 1048 Pind.
606 1012 679 1049 Ὀλ.
700 1019 734 1054 6,
754 1019 811 1058 63.
833 1012 891 1048 ed.
913 1014 1037 1060 Heyn.
1060 1014 1120 1049 Vs.
1144 1024 1178 1058 p.
1194 1024 1248 1048 ιι.
1268 1013 1359 1048 abiit
1381 1015 1568 1050 oraculum
1580 1024 1660 1048 con-

146 1059 311 1108 sulturus
324 1086 334 1100 ,
365 1075 431 1108 pro
456 1061 586 1098 severis
606 1063 696 1097 abiit
715 1074 752 1098 et
764 1062 944 1110 profec‘lus
962 1062 1012 1098 est
1029 1061 1246 1110 consulturus
1258 1063 1454 1105 oraculum5
1480 1063 1566 1109 quia
1585 1063 1660 1096 abi-

154 1121 197 1144 re
215 1108 285 1152 est,
319 1109 531 1156 simpliciter
551 1110 586 1145 se
607 1123 755 1146 movere
779 1112 822 1147 ab
844 1111 967 1159 aliquo
987 1111 1095 1150 loco.
1123 1110 1181 1146 sed
1202 1109 1372 1158 proficisci
1390 1111 1463 1158 i-q.
1487 1108 1600 1157 porro
1623 1110 1660 1145 se

154 1170 330 1201 movere,
365 1159 461 1207 quasi
490 1158 670 1206 proficere
695 1160 735 1196 in
759 1158 917 1204 itinere,
956 1171 1100 1198 motum
1129 1157 1372 1200 continuare,
1410 1172 1453 1196 ac
1479 1159 1602 1196 ferei.
1624 1171 1658 1205 q.

151 1217 311 1256 pergere.
1581 1242 1586 1244 ,
1639 1220 1656 1223 ”

258 1258 294 1303 3)
323 1257 429 1302 copia
449 1257 507 1293 illa
530 1258 592 1294 Gr.
616 1257 655 1294 in
679 1257 894 1305 copulandis
916 1256 1036 1294 verbis
1056 1256 1188 1294 talibus
1208 1256 1320 1293 habet
1337 1253 1473 1302 aliquid
1491 1253 1602 1292 fimile
1621 1255 1660 1292 in

154 1306 413 1341 Hebraeorum
437 1307 596 1343 formula
616 1308 791 1344 moriendo
810 1308 920 1346 mori,
955 1305 997 1342 it.
1022 1307 1093 1342 ivit
1113 1318 1151 1343 et
1170 1306 1308 1343 crevit,
1344 1316 1500 1350 quarum
1527 1305 1566 1340 in
1587 1306 1662 1352 pri·

155 1366 214 1389 ma
237 1353 350 1390 hodie
372 1353 519 1401 quidem
544 1368 621 1392 non
645 1366 826 1403 quaerunt
845 1354 1043 1400 emphasin,
1072 1366 1108 1391 et
1128 1355 1278 1390 alteram
1292 1353 1484 1389 resolvunt
1503 1365 1566 1399 per
1577 1354 1660 1388 adv.

157 1401 337 1449 temporis
357 1416 398 1438 ac
420 1405 549 1445 modi,
580 1418 614 1440 v.
633 1417 664 1439 c.
684 1404 849 1450 semper,
881 1404 1064 1440 continuo
1092 1403 1232 1442 crevit,
1269 1401 1371 1447 quod
1399 1413 1437 1437 et
1462 1401 1662 1438 commode

154 1450 199 1488 fit
227 1452 267 1487 in
295 1453 359 1498 Gbr.
390 1453 584 1500 participio
613 1465 694 1488 cum
725 1451 834 1488 finito
871 1463 1064 1497 tempore,
1106 1463 1148 1487 ut
1184 1450 1222 1486 in
1249 1451 1297 1485 N.
1317 1451 1363 1485 T.
1394 1462 1408 1486 1
1431 1451 1526 1487 Petr.
1551 1459 1585 1495 3,
1610 1462 1662 1497 ¹9·

156 1503 331 1546 πορευθεὶς
350 1497 518 1546 ἐκέςυξεν,
549 1501 596 1537 cf.
619 1504 704 1538 Lex.
725 1502 813 1538 Krb.
827 1526 837 1543 ‚
866 1512 942 1547 quo
963 1512 1002 1536 et
1023 1500 1156 1537 referas
1176 1501 1289 1535 Hom.
1310 1505 1353 1543 βῆ
1371 1504 1464 1541 livua,

251 1566 289 1613 4)
318 1565 421 1612 quod
444 1565 557 1601 Fisch.
579 1566 617 1601 in
643 1566 713 1601 Pal.
735 1564 814 1601 Ind.
834 1577 870 1601 ν.
890 1571 959 1609 οἰχ.
975 1589 985 1605 ,
1025 1575 1239 1610 comparans
1261 1565 1373 1600 Hom.
1398 1563 1489 1601 illud
1514 1566 1559 1611 βῐ
1581 1569 1665 1611 φεύ-

158 1629 246 1658 γων,
271 1616 462 1652 vertebat:
499 1614 701 1654 „celeriter
720 1615 918 1661 auffugz‘m:
956 1612 1117 1650 eundern
1146 1612 1287 1649 sensum
1317 1625 1388 1649 nos
1416 1614 1596 1650 efficimus
1617 1613 1664 1648 lic

158 1664 349 1701 reddendo
371 1665 460 1699 abiit
491 1666 677 1704 celeriter,
713 1673 931 1712 quaerentes
967 1663 1043 1699 vim
1067 1663 1163 1698 hanc
1188 1659 1388 1698 celeritatis
1419 1663 1460 1698 in
1488 1674 1522 1698 v.
1551 1674 1666 1709 φευγ,

159 1724 267 1761 quarn
289 1726 353 1760 per
370 1712 406 1749 se
424 1712 558 1749 habere
579 1711 712 1760 potest.

155 1808 162 1816 .
257 1781 294 1823 ς)
322 1777 346 1814 fi
364 1791 398 1813 v.
419 1784 486 1822 οἰχ.
505 1790 589 1814 cum
609 1777 681 1813 alio
698 1775 811 1811 verbo
834 1775 1002 1813 redditur
1023 1788 1088 1823 per
1105 1776 1184 1813 adv.
1195 1775 1346 1824 statim,
1379 1775 1577 1817 continuo,
1606 1788 1665 1811 ce·

157 1827 305 1863 briter:
346 1827 540 1864 difficultas
559 1826 699 1866 oritur,
727 1836 810 1860 cum
834 1826 982 1862 additur
997 1824 1130 1862 diserte
1148 1825 1361 1862 adverbium
1381 1825 1462 1861 eius
1482 1824 1666 1866 notionis,

158 1887 203 1912 ut
222 1876 324 1923 supra
348 1889 404 1922 ap.
426 1878 536 1911 Dem.
558 1872 661 1921 ᾤχετ’
683 1874 781 1915 εἰθιὶς
798 1874 923 1916 bartoli«,
947 1886 986 1911 et
1006 1873 1051 1910 de
1074 1875 1192 1911 Zeun.
1211 1875 1356 1910 ratione
1377 1873 1421 1910 ad
1440 1873 1542 1922 Vig„
1569 1885 1668 1914 cum,

159 1924 288 1960 addito
317 1928 436 1966 εὐθὺς,
472 1923 638 1966 dicebat,
673 1923 836 1959 orationi
861 1924 1039 1959 maiorem
1069 1923 1260 1960 conciliari
1283 1921 1382 1964 vim,
1419 1934 1459 1958 et
1487 1921 1668 1959 reddebat

158 1974 383 2015 „confestim
403 1974 478 2009 line
501 1985 602 2009 mora
622 1971 866 2019 interpofiraa
894 1971 939 2008 fic
958 1971 1032 2008 fine
1051 1971 1185 2020 copula
1205 1970 1417 2012 interiesta,
1450 1971 1576 2008 saltem
1597 1970 1669 2006 ori-

159 2032 222 2058 tur
244 2023 303 2058 illa
323 2021 434 2070 figura
454 2026 490 2058 ἐκ
507 2017 752 2067 παραλλήλου,
782 2033 891 2068 quam
914 2031 952 2057 et
973 2020 1121 2058 Servius
1138 2020 1261 2057 statuit
1283 2020 1328 2056 ad
1348 2021 1451 2067 Virg.
1463 2022 1509 2056 A.
1530 2030 1565 2066 3,
1588 2027 1668 2065 548.

159 2072 257 2108 haud
281 2085 382 2108 mora
407 2072 589 2113 continuo,
624 2070 672 2106 cf.
698 2081 731 2112 ς,
752 2074 833 2113 368.
856 2080 895 2106 et
914 2071 984 2106 Ge.
1006 2083 1042 2113 4,
1065 2078 1147 2114 548.
1215 2068 1289 2105 Sed
1321 2069 1361 2105 in
1386 2069 1492 2105 Harl.
1519 2068 1669 2104 ratione

160 2121 269 2168 supra
289 2123 333 2157 ad
354 2120 513 2156 Theocr.
544 2119 651 2165 ”0776ss
678 2119 707 2155 δ’
725 2118 825 2159 &fide
849 2123 937 2156 ἱοῖσκ
952 2145 963 2162 ,
984 2119 1115 2169 statim
1131 2130 1242 2156 vero,
1275 2129 1381 2165 quam
1398 2117 1589 2154 celerrime
1607 2130 1671 2153 au-

150 2170 292 2218 fuqiffl
320 2169 446 2206 eadem
467 2169 652 2205 dubitatio
673 2166 740 2210 est,
776 2166 840 2203 nifi
851 2167 981 2216 statim
1003 2168 1164 2205 sumatur
1190 2167 1236 2203 de
1255 2177 1425 2214 tempore
1439 2190 1451 2208 ,
1485 2167 1595 2202 nobis
1614 2165 1668 2215 so-

154 2213 273 2269 gleich
287 2244 296 2260 ‚
334 2219 392 2255 sed
413 2231 516 2266 quam
536 2217 718 2253 celerrime
739 2216 785 2251 de
806 2216 939 2257 modo,
973 2227 1016 2253 ut
1038 2229 1073 2252 v.
1093 2228 1124 2252 c.
1139 2241 1150 2257 ‚
1183 2229 1270 2252 cum
1295 2215 1400 2263 quis,
1438 2215 1483 2252 ad
1505 2214 1672 2252 mensam

159 2269 312 2310 sedens,
341 2266 518 2307 audierit,
553 2265 739 2312 hospitem
760 2264 897 2302 veniere
915 2265 959 2301 ad
979 2265 1102 2306 fores,
1116 2264 1247 2312 statim
1268 2264 1412 2313 surgat,
1436 2276 1506 2301 nec
1523 2274 1672 2301 mancat

162 2318 320 2364 amplius
340 2318 386 2352 ad
404 2315 563 2352 mensam
577 2341 586 2356 ,
622 2314 683 2351 sed
707 2314 843 2350 deinde
867 2315 911 2351 ad
930 2314 1115 2362 hospitem
1136 2324 1197 2351 eat
1215 2314 1406 2354 celeriter,
1447 2312 1557 2362 gradu
1578 2311 1674 2350 inci-

160 2378 241 2402 tato
254 2393 264 2409 ‚
299 2378 369 2402 nec
391 2367 514 2406 lente;
539 2364 584 2400 ad
603 2375 713 2411 quam
734 2363 917 2400 rationem
936 2362 1108 2409 expediat
1125 2362 1161 2399 se
1179 2361 1337 2400 fortaffis
1355 2361 1489 2410 aliquis
1507 2361 1548 2398 in
1559 2362 1674 2398 Hom.

162 2417 247 2452 adv,
269 2414 420 2463 poetico
433 2437 444 2455 ‚
471 2412 575 2460 quod
592 2425 654 2459 par
674 2411 729 2449 illi
750 2412 911 2460 prosaico
933 2415 1031 2454 εὖὲὐς
1044 2437 1055 2454 ,
1087 2412 1155 2450 '03⁴
1178 2417 1214 2454 ά.
1231 2422 1317 2455 410.
1337 2408 1402 2448 οἷον
1420 2411 1558 2458 ἀναΐξας
1575 2407 1672 2456 ἔφατε

161 2465 320 2509 οἴχετ-Μ,
353 2463 415 2499 ubi
431 2486 441 2504 ,
471 2462 518 2498 de
538 2461 655 2497 nostra
676 2460 843 2502 ratione,
879 2460 1004 2498 sensus
1023 2460 1093 2502 est,
1127 2474 1230 2507 quam
1246 2459 1394 2510 surgens
1424 2460 1542 2497 statim
1568 2460 1674 2500 abiit.

161 2512 224 2549 sed
244 2515 298 2550 el.
317 2513 382 2548 Vs.
411 2521 450 2548 ut
461 2511 566 2556 sufflo
587 2511 716 2558 impetu
738 2510 856 2546 statim
877 2511 989 2552 abiit,
1028 2509 1238 2551 obscurius,
1266 2520 1376 2557 quam
1389 2506 1542 2556 surgens
1562 2507 1621 2545 Ἰλ.
1637 2512 1676 2550 ά,

163 2570 244 2607 584.
258 2587 267 2603 ‚
302 2574 378 2608 quo
402 2572 439 2597 ct
462 2559 595 2596 ducere
615 2559 740 2606 potnit
761 2560 880 2595 Schol.
901 2563 1041 2600 ἂναςὰς,
1068 2557 1133 2607 qui
1152 2559 1256 2595 locus
1276 2557 1395 2594 noster
1405 2559 1520 2593 Hom.
1535 2558 1675 2592 adden-

162 2611 231 2649 dus
252 2611 288 2647 in
310 2612 356 2646 N.
379 2610 421 2645 ad
445 2608 529 2646 Hcs.
554 2617 685 2655 1‚325.
709 2606 754 2650 i.,
791 2621 811 2643 e
833 2608 936 2644 cuius
958 2622 992 2655 p.
1007 2613 1088 2655 ⁶35·
1107 2620 1138 2645 e.
1160 2604 1277 2655 ἔφη»,
1309 2612 1471 2651 ταχέως,
1498 2601 1675 2649 *leffium-0

163 2660 284 2710 (quod
304 2672 391 2696 extr.
414 2659 528 2696 modo
550 2670 585 2706 p.
603 2657 653 2706 sq.
673 2657 718 2702 i.)
737 2668 776 2694 et
795 2670 815 2694 e
839 2656 973 2696 Suidae
990 2656 1069 2706 syn.
1085 2668 1116 2698 ι,
1132 2667 1213 2704 391.
1227 2656 1252 2693 i.
1277 2659 1418 2703 ἆφκςεὶ,
1443 2658 1676 2699 ἐσπουδασμέ-
