1798 3163
174 107 346 196 lifflER
369 147 406 191 1.
445 143 571 190 CAP.
596 142 679 188 IV.
718 144 772 187 A.
793 135 854 187 V.
879 141 928 187 C.
955 150 1018 196 93
1035 151 1077 192 3.
1119 139 1258 186 CHR.
1274 139 1338 185 N.
1361 143 1478 190 180.
1556 153 1624 197 97

46 318 50 321 ,
98 263 206 328 „nai
267 260 404 311 πλέον
461 257 677 325 ὑπάξχειν
732 257 842 325 παρ’
877 256 1060 326 amplius
1101 265 1247 307 extare
1284 275 1314 306 a
1348 255 1467 306 vobis
1503 255 1622 317 arbi·

96 412 215 453 Diod.
237 411 275 447 S.
296 421 330 452 ι,
354 420 410 454 5²·
428 408 476 445 N.
493 419 554 453 74.
575 418 608 449 2,
622 409 704 452 336.
726 405 774 442 N.
788 417 863 450 95.‚
886 405 929 442 R.
942 406 1006 441 Or.
1026 405 1074 440 V.
1089 407 1123 440 6.
1145 406 1228 442 Ind.
1248 416 1282 452 p.
1299 413 1380 446 881.
1394 418 1442 440 m.
1461 405 1510 441 V.
1530 417 1563 449 9.
1583 417 1619 453 p.

96 467 182 502 262.
204 475 252 498 m.
278 460 323 494 V.
341 470 396 494 10.
416 468 451 504 p.
467 466 549 500 508.
569 469 600 492 e.
631 455 737 491 Harl.
756 456 867 491 Dem.
889 468 926 502 p.
948 456 1037 491 Cor.
1059 463 1254 501 p.340.e.,
1279 455 1340 490 Sb.
1361 454 1406 489 ad
1430 455 1547 491 Dion.
1569 457 1620 495 H.

95 526 136 554 ς,
153 510 273 555 109.l.
288 520 322 554 9.
339 508 388 544 N.
408 518 447 542 et
467 506 549 543 lud.
567 530 578 546 ,
603 504 720 541 Schw.
745 504 788 540 ad
810 503 925 540 Onos.
948 517 981 552 p.
998 507 1054 539 26.
1079 503 1130 539 N.
1146 516 1179 548 5.
1200 505 1281 551 Stp.
1295 504 1368 538 Th.
1382 516 1415 545 2,
1438 513 1492 545 28.
1511 505 1617 542 D.L.

94 562 183 599 Ern.
204 570 244 596 et
261 557 340 594 Ind.
361 556 467 593 Polb.
492 567 575 592 cum
596 554 690 590 Xen.
713 554 810 590 Mor.
828 553 920 591 Ἑλλ.
975 553 1073 589 Tum
1088 578 1099 594 ,
1131 564 1175 589 ut
1203 552 1299 589 med.
1316 568 1415 599 oreon.
1444 567 1490 588 co
1511 554 1620 592 sensu

96 606 427 655 frequentissimum
448 604 522 643 est.
549 616 582 638 v.
604 605 648 639 ad
665 603 787 638 Thur.
818 615 854 649 p.
870 612 952 648 340.
973 603 1020 639 N.
1048 615 1101 648 ¹4·
1123 604 1204 640 lnd.
1227 603 1270 639 R.
1292 604 1357 638 Or.
1385 603 1429 638 V.
1453 607 1487 638 6.
1507 615 1538 642 7.
1571 604 1615 641 1s.

95 671 135 696 et
155 660 263 695 Dem.
278 679 290 696 ‚
316 654 422 691 Arist.
440 653 541 690 Kust.
562 652 675 688 Dion.
698 654 746 688 H.
764 654 799 689 S.
819 654 916 690 Xen.
938 653 1024 699 Cyr.
1043 652 1085 688 Z.
1108 653 1198 689 Luc.
1219 652 1296 688 Ael.
1315 651 1360 686 V.
1381 650 1418 685 h.
1438 664 1480 687 ex
1506 664 1538 693 ι,
1559 667 1618 699 24.

92 721 130 745 e.
160 718 244 743 cum
274 704 323 741 N.
349 716 382 744 9.
410 712 449 739 et
467 704 508 738 L.
530 702 581 739 N.
604 702 651 739 T.
668 702 782 745 Krb.,
817 700 864 736 fic
895 700 1014 748 reperi
1046 700 1270 737 nominatim
1302 713 1360 747 ap.
1382 701 1499 737 Diod.
1525 704 1561 738 S.
1583 717 1618 746 ε,

97 767 179 803 244.
203 755 228 792 l.
244 765 274 801 3·
297 751 386 796 οιῧτη
409 773 445 781 --
467 758 724 796 προεκαλέσατο
742 759 806 788 τῶν
829 748 977 797 ἱροί-(των
1003 750 1081 792 τούς
1101 756 1160 794 μὲν
1188 755 1236 792 εἷς
1256 745 1348 787 ἔλεον
1362 771 1372 787 ,
1406 749 1486 793 τούς
1515 751 1544 790 δ’
1569 758 1618 794 εἰς

94 798 280 852 ’ὑπερβολὴ
300 807 460 843 ἐπαίνων,
487 803 551 836 illa
571 821 608 827 -
630 801 679 836 ita
693 827 702 842 ,
727 809 767 836 ut
785 799 1028 846 spe-staturum
1046 802 1137 835 alios
1156 800 1199 835 ad
1219 799 1493 847 misti-ationem.
1520 802 1615 840 alios

93 851 421 895 adlincredibilem
435 852 496 900 sui
514 851 658 886 laudem
681 859 933 890 commoveret,
968 861 1042 895 quo
1071 849 1157 884 loco
1186 849 1383 885 adiuvetur
1402 850 1493 885 Xen.
1526 852 1613 897 Cyr.

97 917 131 947 ι,
144 917 221 950 4,4.
233 915 280 937 m.
294 926 305 942 ‚
330 899 377 938 cf.
388 900 429 936 Z.
443 900 522 936 lnd.
533 910 571 936 et
583 897 687 936 Suid.
701 908 734 944 3,
749 908 869 944 184.e.
882 911 966 934 cum
977 897 1065 934 Hes.
1081 912 1114 939 2,
1130 908 1225 939 1032.
1244 897 1266 932 i.
1279 923 1289 939 ,
1314 898 1375 933 led
1387 901 1429 935 ad
1446 913 1476 936 ν.
1489 916 1609 945 προσ-χ.

94 953 222 998 modo:
232 948 459 993 deprehendi
479 950 573 985 Phil.
597 961 630 996 p.
654 959 737 992 750.
758 961 790 984 e.
820 946 881 1001 τιξν
908 953 1057 984 Φλάκκον
1085 951 1130 988 εἷς
1153 944 1212 982 τᾶν
1228 946 1330 982 αὐτὸν
1355 951 1529 992 ἐνάγοντες
1556 959 1613 988 καὶ

94 994 380 1049 προσκαλούμενοι
411 994 558 1043 φθίνον,
602 998 758 1033 Flaccum
789 995 982 1031 incitando
1010 996 1063 1030 acl
1086 995 1243 1031 eandem
1280 996 1480 1038 invidiam,
1517 1000 1609 1036 Luc.

98 1061 131 1098 3,
153 1062 234 1094 41¹.
258 1050 281 1085 l.
300 1060 359 1092 77·
390 1049 566 1085 ἀπειλοῦσι
584 1048 890 1092 προσκαλέσασθαι,
914 1048 966 1082 ἐπὶ
993 1043 1052 1081 τᾶν
1074 1043 1281 1088 ἒιναόιτςμδν,
1315 1046 1369 1079 ad
1393 1046 1612 1086 divili0nem

91 1100 128 1150 se
150 1108 414 1146 provocaturos
442 1097 641 1136 minantes,
678 1093 753 1130 fine
777 1095 821 1128 V.
843 1095 882 1130 L.
906 1106 945 1130 et
963 1095 1013 1129 N.
1029 1119 1040 1132 ,
1076 1106 1113 1128 et
1130 1095 1173 1130 R.
1197 1095 1262 1129 Or.
1291 1095 1334 1130 V.
1359 1103 1390 1139 3.
1418 1109 1452 1142 p.
1479 1102 1558 1140 167.
1578 1111 1610 1136 e.

93 1149 137 1186 *to*
158 1152 342 1193 psagcixewv
361 1149 407 1186 εἷς
425 1150 486 1186 τῆν
505 1151 617 1190 φιλίαν
636 1139 764 1185 ταύτην
782 1138 1118 1189 προσκαλεσάμενος,
1164 1144 1228 1179 ubi
1249 1143 1345 1179 nihil
1370 1145 1415 1179 V.
1437 1146 1478 1181 L.
1503 1158 1542 1183 et
1566 1148 1610 1186 in

92 1199 145 1236 N.
164 1198 278 1232 modo
301 1195 364 1229 Vs.
389 1195 456 1236 „in
475 1193 573 1229 illam
593 1192 747 1240 pellexit
766 1193 989 1228 an11'citiam“
1018 1204 1112 1238 quae
1135 1204 1354 1234 vereor,·ut
1374 1194 1458 1230 satis
1477 1207 1608 1234 tuean-

46 1278 48 1281 ,
94 1258 154 1284 tur
172 1243 373 1280 formulam
392 1242 518 1279 Nostri
539 1247 573 1284 6,
593 1257 627 1286 9,
660 1255 691 1285 ς.
732 1240 1025 1287 προσκαλούμενος
1056 1246 1185 1282 noi-,we
1216 1247 1260 1283 εἷς
1286 1240 1394 1280 οἶκτον
1421 1252 1476 1281 καὶ
1504 1244 1609 1290 ἔλεον,

91 1295 180 1335 ubi,
218 1303 362 1340 praeter
381 1292 454 1327 Ms.
480 1295 561 1333 Ba.,
591 1290 708 1340 variet
730 1303 882 1338 quoque
902 1291 1087 1339 ed.Lugd.
1103 1314 1114 1331 ,
1141 1301 1183 1326 ut
1202 1291 1374 1333 Sb.1nd.,
1399 1293 1608 1333 hiereneus

91 1345 214 1392 vulg.,
235 1341 347 1377 habet
367 1355 487 1387 προσκ.
502 1367 512 1383 ,
539 1341 600 1377 sed
621 1356 717 1387 προκ.
740 1341 780 1376 in
801 1352 834 1375 v.
855 1345 961 1382 oium,
982 1341 1043 1376 ubi
1065 1342 1145 1386 Srp.
1168 1342 1243 1377 Th.
1266 1354 1300 1382 2,
1324 1352 1427 1389 1234.
1449 1344 1489 1379 Ε.
1509 1358 1541 1382 e.
1565 1346 1607 1383 in

90 1394 210 1431 altero
232 1390 353 1428 Nostri
375 1405 494 1437 προσκ.
516 1391 659 1430 servat,
701 1390 762 1425 sed
783 1389 858 1425 line
876 1391 949 1425 alio
970 1392 1141 1437 exemplo
1164 1388 1295 1430 simili,
1331 1392 1438 1439 quale
1465 1406 1536 1429 nec
1557 1396 1608 1431 est

90 1456 130 1492 p.
155 1454 210 1484 29.
232 1442 272 1476 C.
293 1441 372 1487 sqq.
391 1453 424 1475 v.
447 1455 595 1485 oreon„
618 1439 679 1476 ubi
703 1452 751 1474 ne
769 1439 874 1475 locus
896 1439 1046 1486 quidem
1062 1438 1183 1476 Nostri
1206 1440 1399 1477 exhibetur
1419 1443 1482 1478 ille
1501 1444 1606 1488 οἰκεῖ’,

91 1503 136 1530 ut
150 1502 223 1527 nec
240 1489 303 1526 hic
323 1489 444 1526 noster
462 1490 623 1537 p.27.D.
641 1489 717 1537 sqq.
738 1502 772 1524 v.
783 1505 877 1535 προκ.
891 1513 902 1530 ,
929 1501 999 1524 nec
1019 1488 1168 1531 similis,
1195 1500 1239 1525 ut
1257 1489 1383 1526 necin
1406 1491 1459 1527 lib
1494 1492 1540 1528 de
1561 1495 1610 1531 V.

92 1540 192 1578 med.
212 1541 268 1576 ed.
288 1540 327 1574 F.
348 1550 382 1584 p.
404 1552 509 1583 441.,·
541 1550 581 1574 ut
603 1538 819 1574 tutissimum
839 1536 905 1578 sit,
935 1550 1085 1574 manere
1105 1539 1166 1573 hic
1186 1538 1224 1573 in
1250 1540 1368 1587 vulg..
1399 1540 1463 1576 ubi
1486 1545 1607 1590 popu.

91 1593 185 1628 lares
203 1601 273 1625 nec
294 1589 359 1624 Gr.
381 1599 538 1628 textum,
562 1600 631 1623 nec
654 1588 690 1622 Ρ.
709 1587 932 1636 sequuntur,
958 1600 1042 1624 cum
1055 1600 1125 1623 nec
1138 1589 1314 1624 nostrates
1333 1588 1494 1626 habeant
1515 1604 1607 1629 eun-

91 1641 181 1676 dem
201 1649 372 1683 tropum.
401 1637 463 1674 sed
485 1639 599 1674 modo
619 1636 752 1674 ssmiles
772 1634 935 1673 ablocken
958 1637 981 1673 s.
1002 1635 1204 1678 entlecken,
1237 1638 1262 1674 s.
1282 1637 1464 1675 erim-ken
1486 1654 1524 1678 et
1545 1655 1608 1678 er.

92 1701 224 1736 regen,
258 1686 376 1734 fitque
398 1687 476 1722 Lar.
498 1688 561 1736 Eg.
581 1697 683 1722 extra
705 1697 854 1733 tropum
874 1686 991 1728 nihil,
1018 1699 1126 1734 quam
1148 1685 1330 1729 excitare,
1351 1700 1606 1734 commovere.

93 1749 266 1776 movere.
291 1748 347 1782 ap.
369 1735 503 1772 G.Th.
527 1748 611 1772 cum
634 1742 881 1782 ‚maganum
901 1738 1126 1782 προκαλίζω“
1149 1735 1225 1771 line
1245 1737 1330 1772 loco
1351 1738 1391 1773 in
1411 1740 1473 1787 Bg.
1494 1740 1607 1777 ratio·

93 1799 204 1826 nem,
226 1785 344 1831 qualis
362 1795 487 1821 tamen
511 1784 548 1820 in
570 1785 650 1820 lust.
676 1783 756 1821 lnd.
776 1797 821 1820 ex
839 1785 895 1820 his
915 1786 1082 1821 numeris
1102 1785 1198 1822 veris
1218 1794 1276 1827 ιε,
1293 1789 1329 1828 6,
1352 1799 1404 1824 12.
1437 1789 1607 1836 impube-

93 1847 152 1873 res
164 1859 175 1875 ,
198 1846 287 1881 quae
305 1843 403 1868 aetas
421 1835 530 1869 etiam
550 1833 709 1869 hostium
727 1833 1004 1881 misericordiam
1024 1845 1223 1881 provocat,
1258 1836 1339 1871 aris
1356 1839 1606 1878 admovebant.

93 1884 185 1925 rel„
212 1880 314 1929 quod
330 1881 430 1922 Lat..
466 1881 690 1927 respondens
720 1884 784 1918 Gr.
811 1884 911 1929 vulg.
941 1884 1082 1926 exacte,
1115 1895 1242 1920 teneat
1267 1886 1469 1935 analogiam
1490 1899 1606 1936 quan·

96 1932 202 1972 dam,
229 1941 270 1966 ut
290 1931 347 1965 vel
368 1929 456 1965 hinc
476 1931 611 1966 salvum
630 1930 673 1966 fit
693 1932 814 1978 vulg.,
835 1930 1019 1967 ostensum
1042 1931 1132 1968 item
1156 1945 1174 1968 a
1189 1935 1226 1968 Ρ.
1242 1959 1251 1975 ,
1273 1935 1376 1970 unde
1387 1938 1448 1984 Bg.
1467 1949 1506 1972 et
1518 1937 1604 1974 Sch.

94 1981 210 2020 adeo,
236 1980 274 2014 in
301 1983 566 2025 ,aquitanii-ou
585 1981 698 2017 ταῦτα
717 1985 784 2016 οἰ.“
803 1991 874 2016 una
894 1991 980 2015 cum
996 1980 1113 2016 altero
1134 1981 1259 2018 Nostri
1289 1984 1398 2027 loco,
1434 1985 1547 2034 idque
1563 1987 1606 2025 in

91 2031 154 2069 Bc.
174 2029 232 2065 ed.
254 2039 325 2063 utr.
339 2028 421 2065 lnd.

144 2081 230 2124 εμοι)
260 2077 351 2117 Sed,
377 2090 435 2112 me
457 2075 598 2124 aliquid
619 2075 731 2113 etiarn
749 2077 908 2125 amplios
929 2090 948 2114 a
968 2078 1074 2115 vobis
1095 2077 1254 2121 habere,
1281 2080 1459 2118 existimo.
1485 2085 1605 2132 Stepb.

93 2128 166 2166 Sed
187 2139 256 2168 cao
276 2126 433 2172 amplius
455 2126 631 2173 quiddam
652 2138 670 2160 a
690 2126 796 2162 vobis
819 2128 981 2174 expeflo.
1001 2129 1142 2164 Memm.
1196 2129 1345 2172 Potius,
1369 2143 1386 2166 a
1402 2133 1508 2169 vobis
1520 2135 1605 2180 plus

93 2177 260 2224 expesto.
280 2176 394 2212 Leisn.
444 2177 514 2211 Pro
536 2179 572 2212 δέ
589 2192 623 2212 τι
644 2176 758 2211 malet
778 2175 922 2213 fortasse
940 2176 1072 2224 aliquis
1091 2178 1117 2214 δ’
1139 2174 1200 2215 ἔτι.
1257 2181 1330 2217 Sed
1352 2189 1387 2217 τὶ
1407 2193 1447 2218 et
1464 2184 1606 2221 retine·

94 2225 152 2268 ri,
179 2238 218 2262 et
240 2237 324 2261 cum
343 2232 445 2262 πλέον
466 2224 645 2272 coniungi
665 2226 820 2267 debere,
847 2225 961 2262 distat
984 2226 1059 2273 ipsa
1081 2227 1278 2264 sententia.
1299 2229 1390 2277 Sylb.

196 2277 255 2311 De
275 2273 539 2310 emendatione
553 2273 611 2308 hic
631 2274 732 2309 forte
755 2287 868 2310 nemo
881 2275 1038 2323 cogitet,
1065 2276 1127 2311 sed
1148 2278 1275 2324 potius
1286 2280 1333 2315 de
1348 2279 1468 2321 sensu.
1488 2291 1605 2329 quem

93 2324 150 2362 isti
171 2322 254 2360 sane
273 2323 402 2359 melius
419 2321 686 2367 exprefferunt,
713 2336 823 2371 quam
846 2327 881 2360 P.
895 2349 906 2364 ,
933 2324 992 2361 sed
1017 2325 1209 2362 severitate
1229 2326 1316 2364 visti
1337 2341 1468 2366 omnes
1485 2343 1503 2365 a
1525 2332 1605 2380 Bg..

93 2373 222 2410 omnia
245 2373 308 2409 Gr.
329 2371 507 2409 reddente
522 2398 531 2413 ‚
565 2383 709 2419 praeter
732 2376 805 2409 dat.
835 2385 942 2419 pron.
964 2379 1040 2419 ἐμ.,
1077 2387 1346 2414 commutatum
1368 2390 1451 2415 cum
1479 2392 1605 2427 praep.

91 2422 214 2470 aliqua
235 2435 256 2457 e
275 2421 351 2459 Cic.
373 2434 408 2468 p.
420 2421 542 2458 Plane.
560 2433 592 2456 c.
612 2434 641 2458 ι.
666 2435 739 2463 πι.,
783 2424 880 2458 cuius
907 2436 986 2459 non
1016 2422 1127 2472 exstet
1153 2424 1191 2460 in
1220 2439 1272 2462 me
1298 2426 1404 2464 suum
1425 2429 1605 2471 meritum,

91 2471 157 2521 qui
180 2483 303 2507 tamen
323 2483 361 2506 et
380 2470 454 2518 ipse
473 2473 516 2507 ad
536 2473 617 2507 Att.
640 2483 674 2512 2,
691 2486 726 2515 4.
744 2484 792 2508 m.
807 2496 817 2513 ,
855 2485 933 2509 non
955 2483 995 2508 ut
1014 2476 1064 2508 est
1085 2473 1126 2509 in
1143 2473 1186 2509 G.
1212 2475 1287 2511 Th.
1307 2489 1340 2512 ν.
1355 2481 1436 2521 546,
1457 2491 1515 2522 92.
1545 2491 1606 2514 cu-

92 2522 202 2562 rabo,
239 2531 275 2556 ur
297 2519 404 2556 huius
431 2520 736 2567 peregrinationis
754 2522 908 2570 aliquod
936 2523 1005 2557 tibi
1024 2533 1120 2568 opus
1141 2522 1272 2571 exstet,
1306 2538 1391 2562 cum
1414 2528 1489 2563 dat.
1513 2526 1605 2574 pers.

91 2571 210 2610 adeo,
238 2581 280 2606 ut
297 2569 423 2605 servari
445 2581 462 2603 a
487 2571 549 2618 lig.
569 2570 736 2617 potuerit
754 2571 794 2607 in
815 2571 1000 2612 formula,
1032 2571 1096 2607 ubi
1116 2583 1149 2610 ν.
1170 2573 1230 2611 ἐπ.
1254 2574 1302 2609 de
1329 2588 1388 2617 re,
1420 2588 1504 2612 cum
1530 2575 1604 2614 dat.

92 2619 209 2669 pers..
234 2619 399 2665 optime.
422 2621 558 2659 credo,
594 2618 847 2668 intelligetur,
884 2619 908 2656 li
926 2620 1004 2656 Lat.
1027 2620 1200 2658 reddatur
1217 2623 1346 2671 aliquo
1365 2624 1444 2671 paff
1459 2651 1470 2667 ,
1509 2624 1604 2668 fieri,

93 2668 290 2709 declarari,
318 2667 452 2709 tribui,
480 2668 658 2714 praestari,
684 2669 710 2706 s.
729 2669 840 2705 etiam
861 2669 929 2706 aa.
950 2671 1182 2719 contingere,
1209 2673 1418 2721 obtingere.
1441 2675 1606 2716 evenire.

91 2728 128 2754 v.
139 2730 168 2754 c.
180 2719 267 2754 mihi
277 2730 365 2754 vero
381 2718 523 2763 aliquid
536 2717 647 2754 etiam
659 2719 812 2767 amplius
829 2719 1003 2755 declarari
1023 2719 1162 2756 avobis
1179 2722 1359 2764 arbitror,
1378 2724 1502 2766 nobis,
1527 2723 1606 2773 dass

90 2767 165 2811 mir
185 2779 267 2809 von
289 2766 374 2807 euch
399 2767 523 2807 werde
540 2767 748 2818 auch-noch
765 2777 880 2806 etwas
904 2765 1010 2806 mehr
1027 2768 1220 2820 erwiefin,
1260 2772 1428 2823 erzeiget
1447 2775 1605 2817 werden,

876 2828 925 2874 G
