1772 3158
489 107 788 153 EXCVRSVS
825 109 908 153 AD
940 107 1087 154 LIBR.
1117 107 1152 152 1.
1469 109 1571 161 857

19 243 22 249 .
80 217 121 254 in
142 228 254 253 omne
271 227 442 264 tempus,
477 219 513 262 2)
532 216 695 255 firmatur
717 219 783 255 usu
803 217 903 254 verbi
925 218 1004 254 Lat.
1025 227 1106 253 tum
1129 215 1268 257 severi.
1301 226 1379 253 tum
1405 215 1578 259 aliorum,

17 273 21 283 ‘
81 266 130 302 cf.
149 268 196 303 G.
215 267 485 315 Th.gratificor
496 279 580 303 cum
593 270 659 304 Gr.
672 280 709 303 n.
735 287 804 308 ‚‚--
813 267 951 309 favere,
962 286 998 294 —·
1009 267 1124 311 faveo
1136 285 1174 293 -
1187 266 1368 313 augereit.
1382 264 1579 312 prodesse“

81 326 205 352 tacens
219 315 254 351 in
279 330 308 350 v.
321 316 492 363 consulere
503 329 535 351 v.
548 329 577 353 e.
588 319 719 364 famae
731 328 770 353 et
780 317 870 356 irae.
891 328 966 363 quo
979 318 1024 351 de
1035 315 1082 351 cf.
1093 316 1194 351 Cort.
1207 315 1252 349 ad
1263 313 1340 350 Cic.
1353 327 1412 361 ep.
1426 327 1460 359 7,
1477 327 1532 357 11,
1545 325 1579 360 3.

82 376 121 400 ct
142 366 223 400 Sall.
244 368 323 401 Cat.
344 376 401 411 37,
420 373 452 406 8.
483 377 540 408 51,
560 379 593 409 7.
623 378 707 403 cum
738 367 818 404 lnd.
841 366 954 401 Corn.
984 366 1033 401 N.
1057 377 1092 399 v.
1116 375 1150 399 e.
1179 361 1382 412 „consule‘re
1404 365 1496 400 male
1513 372 1580 412 pa-

81 423 189 455 trme,
212 435 246 441 —
264 427 395 450 noxam
417 413 575 450 afferre«
600 426 712 462 atque
730 416 822 451 adeo
844 417 925 449 bene
939 412 1115 462 consulere
1136 413 1205 460 i.q.
1232 412 1410 459 prodesse,
1442 415 1477 459 3)
1491 424 1582 449 con·

80 464 188 498 venit
209 463 338 508 partim
356 475 439 500 cum
459 464 498 498 P.
524 464 754 503 „memoriam
774 463 928 499 nostram
948 462 1234 498 demerebiminict
1260 461 1306 497 ad
1318 461 1420 509 quod
1437 462 1580 509 supple-

80 521 123 548 to
141 512 221 546 adv.
240 513 414 552 maxime,
440 524 522 548 cum
543 512 605 549 ille
629 512 795 549 omiserit
811 513 875 550 Gr.
896 517 940 550 τὰ
956 527 1058 557 psam,
1092 510 1216 547 sensus
1235 511 1398 553 orietur,
1431 511 1477 547 de
1499 522 1581 546 mea

79 560 256 595 memoria
276 560 420 605 optime
437 562 684 603 merebimini,
710 561 813 609 quod
833 560 882 597 est
897 562 966 609 i.q.
991 559 1146 597 maxime
1166 558 1344 607 prodesse,
1367 571 1582 608 quanquam

81 611 129 646 G.
150 609 219 644 Th.
242 611 280 644 in
301 622 334 644 v.
360 611 398 645 Ρ.
416 612 501 646 dem.
523 623 602 647 non
622 611 732 647 habet
749 612 957 657 exemplum
975 623 1057 646 cum
1077 621 1148 645 acc.
1170 608 1233 645 rei.

181 659 321 694 Verum
340 660 402 706 ssg.
425 671 519 694 meae
545 661 732 696 memoriae
754 659 986 707 gratissimum
1005 660 1183 706 facietis,
1218 657 1296 704 (ubi
1327 656 1410 705 adV.
1436 659 1506 694 Gr.
1534 661 1582 696 τὰ

79 721 157 751 μεγ.
179 719 243 753 per
261 708 428 752 superlat.
453 709 628 745 innexum
648 708 827 745 adieftivo
849 719 888 744 et
909 709 1021 754 phi-ali
1042 709 1136 749 Lat.)
1155 719 1218 744 aut
1238 709 1286 743 est
1307 705 1327 742 i.
1344 719 1380 755 q.
1401 706 1582 748 nostrum,

79 754 248 801 prodess'e
268 769 375 802 quam
399 756 573 797 maxime,
609 757 757 804 proprie
778 757 1010 805 gratiffimum
1039 756 1257 804 negotium,
1293 755 1458 793 officium
1481 768 1584 803 prae·

78 805 190 845 stare,
227 805 271 840 de
292 804 380 851 pers.
398 805 610 852 usurpatum
642 807 788 854 potius,
827 807 892 854 (cf.
914 808 960 843 G.
982 806 1053 844 Th.
1075 805 1113 841 in
1134 806 1204 842 adi.
1227 808 1379 852 837,.2.)
1405 817 1514 852 quam
1535 805 1583 841 de

79 864 142 893 re,
176 865 218 888 ut
239 856 300 901 Bg.
322 854 514 896 adhibuit,
537 867 601 892 aut
619 858 805 892 memoriae
822 870 915 892 meae
935 857 955 891 i.
971 868 1006 903 q.
1027 854 1116 892 mihi
1140 866 1314 894 mortuo,
1352 855 1376 889 s.
1398 854 1486 890 mihi
1505 852 1584 901 post

78 913 262 943 mortem,
298 913 341 938 ut
367 902 526 939 sumatur
546 904 658 941 Marci
688 904 811 941 sensus
840 905 973 952 aliquis
997 917 1118 941 rerum
1148 904 1391 940 humanarum
1411 904 1522 940 etiam
1542 901 1584 940 in

79 961 225 991 morte,
252 963 370 999 utque
390 952 505 994 dicat,
534 952 594 988 fibi
619 965 770 989 mortuo
791 954 903 990 etiam
922 953 968 989 fic
986 952 1065 990 fieri
1087 953 1382 990 iucundiflimum
1401 951 1507 1000 quid,
1533 950 1584 988 cf.

78 1011 158 1046 cap.
177 998 226 1046 sq.
249 1001 279 1048 §.
293 1001 433 1048 21.sq.,
459 1002 510 1046 (at
521 1004 610 1039 Tac.
625 1005 722 1038 Ann.
738 1013 771 1050 3,
794 1015 825 1038 2.
841 1003 866 1038 i.
887 1014 927 1039 ut
947 1002 1178 1052 magistratus
1198 999 1585 1048 Calabriae‚-supre·

78 1060 137 1084 ma
162 1061 250 1096 erga
279 1050 494 1086 memoriam
512 1053 588 1099 filii
611 1051 664 1099 sui
681 1064 832 1088 munera
850 1053 1122 1100 fungerentur,
1154 1062 1194 1087 et
1215 1065 1248 1095 4,
1266 1063 1298 1094 9.
1321 1063 1369 1085 m.
1398 1050 1586 1086 memoriae

75 1096 184 1134 Drusi
197 1101 325 1139 eadem,
336 1111 429 1146 quae
440 1100 477 1134 in
490 1102 764 1141 Germanicum,
785 1103 1033 1141 decernuntur,
1045 1099 1214 1137 aliorsum
1227 1098 1430 1147 pertinent,
1442 1111 1479 1136 et
1491 1098 1587 1135 fiunt

77 1158 180 1182 nunc
191 1148 352 1194 Leopoldo
366 1147 415 1184 illi
429 1160 467 1184 et
477 1162 609 1196 magno
620 1163 658 1186 et
668 1150 794 1191 unico,
803 1163 867 1197 quo
878 1163 955 1186 non
967 1152 1058 1186 alius
1068 1171 1104 1177 -—
1115 1150 1153 1185 in
1165 1162 1261 1184 mare
1269 1158 1484 1196 purpureum
1503 1149 1586 1183 vio·

78 1194 424 1244 lentiorinfluit,)et
439 1210 468 1239 1,
480 1211 512 1242 ς,
527 1211 583 1234 20.
596 1213 629 1234 e.
641 1199 701 1235 ubi
716 1199 941 1235 Commodus
953 1199 996 1234 ad
1011 1198 1108 1234 cives
1119 1210 1158 1234 et
1169 1197 1306 1234 milites
1319 1210 1385 1244 pro
1397 1197 1586 1233 concione

80 1243 186 1282 dicit,
204 1252 261 1287 τὴν
272 1249 334 1283 τοῦ
343 1250 447 1282 κοινοῦ
457 1254 582 1292 πατρὸς
591 1246 718 1292 μνήμην
727 1255 862 1293 χάρισιν
873 1251 979 1294 ἀξίαις
989 1246 1094 1287 οὕτως
1103 1250 1304 1290 ἀμείψεσθε,
1326 1247 1514 1281 communis
1524 1257 1588 1291 Pa·

78 1294 147 1329 tris
157 1295 344 1331 memoriae
354 1296 484 1341 gratias
496 1298 682 1343 dignas-ita
692 1297 878 1342 referetis,
903 1298 971 1332 i.e.
987 1295 1191 1343 patrimeo,
1219 1295 1330 1342 quiet
1341 1294 1455 1329 vester
1466 1305 1590 1340 quon-

79 1342 163 1377 dam
183 1343 256 1378 fuit
275 1353 398 1389 pater,
434 1344 565 1391 gratias
596 1345 772 1381 decentes
797 1345 989 1386 refereris,
1021 1344 1042 1380 s.
1062 1354 1146 1391 erga
1169 1355 1311 1390 patrem
1342 1342 1437 1391 grati
1468 1340 1588 1383 eritis,

78 1391 129 1426 ob
150 1392 359 1427 memoriam
381 1391 471 1433 eius,
499 1392 616 1440 qualis
635 1405 717 1441 erga
728 1406 795 1429 vos
814 1393 942 1435 fuerit,
969 1396 1226 1440 quantumque
1243 1392 1348 1429 vobis
1358 1390 1515 1432 fecerit;
1541 1388 1588 1426 ad

79 1452 189 1486 quam
209 1441 406 1482 rationem,
431 1441 608 1479 sumendo
629 1455 662 1478 v.
685 1442 788 1489 privo
808 1445 1019 1489 χαρίζεσθαι,
1040 1455 1107 1489 pro
1129 1441 1188 1478 illa
1208 1441 1323 1488 phrasi
1344 1446 1479 1486 χάρισιν
1491 1444 1588 1486 ἀμεί-

79 1493 218 1536 βεσθοω.
239 1490 358 1526 fuerit
377 1489 415 1525 in
439 1491 564 1527 nostro
585 1492 684 1532 loco,
709 1493 895 1527 memoriae
912 1505 1008 1527 meae
1029 1490 1132 1528 eritis
1145 1488 1354 1538 gratiffimi,
1381 1491 1402 1523 i.
1417 1490 1452 1524 in
1468 1500 1589 1524 meam

81 1537 321 1578 memoriam.
357 1540 406 1575 ob
425 1551 541 1576 meam
564 1540 587 1575 s.
609 1540 680 1576 mei
702 1539 915 1576 memoriam
938 1539 1237 1576 demonstrabitis
1260 1537 1491 1586 gratissimum
1510 1536 1590 1573 ani-

80 1599 207 1627 mum,
242 1586 267 1622 s·
292 1587 457 1624 animum
479 1598 621 1636 gratu-m
643 1590 799 1624 maxime
819 1587 1072 1629 declarabitis,
1100 1586 1187 1635 quia
1215 1599 1396 1623 memores
1415 1586 1497 1622 estis
1517 1583 1591 1632 pri-

79 1634 163 1672 nini
180 1635 251 1672 mei
274 1648 357 1684 erga
374 1648 442 1673 vos
462 1636 597 1673 amoris
616 1649 862 1685 meorumque
883 1636 1173 1676 beneficiorum
1211 1636 1250 1671 in
1271 1648 1347 1682 quo
1380 1634 1423 1670 sit
1450 1634 1590 1671 iterum

80 1684 143 1722 illa
172 1685 346 1732 exquisita
367 1684 545 1727 brevitas,
575 1698 646 1733 qua
668 1687 713 1722 de
733 1699 765 1722 v.
784 1687 827 1722 ad
851 1698 881 1727 1,
905 1700 941 1729 4,
965 1699 1019 1723 ιι.
1041 1700 1095 1726 e.,
1121 1696 1206 1720 cum
1230 1684 1487 1720 substantivam
1509 1685 1592 1720 abs-

39 1768 42 1772 .
82 1732 237 1771 trastum
259 1733 414 1779 ponitur
435 1735 519 1770 loco
538 1735 706 1771 concreti
731 1734 751 1771 s.
773 1734 947 1782 personae
967 1747 1004 1770 et
1025 1733 1256 1781 pronominis
1278 1733 1475 1779 personalis
1503 1744 1590 1768 cum

81 1782 210 1823 causa»
245 1793 284 1818 et
308 1785 353 1828 τῇ
376 1785 439 1830 ἐμῇ
455 1800 508 1828 μν.
531 1796 598 1830 pro
620 1782 730 1826 mihi,
776 1784 825 1820 ob
853 1784 1070 1820 memoriam
1098 1781 1194 1824 mei;
1230 1781 1318 1818 ficut
1339 1794 1408 1828 ego
1426 1793 1503 1817 non
1523 1781 1591 1817 du-

83 1831 164 1868 bito
184 1831 229 1866 de
248 1844 281 1866 v.
301 1835 511 1878 χαρίζεσθωι
533 1846 600 1880 pro
621 1833 758 1869 referre
786 1831 894 1868 alicui
918 1833 1069 1880 gratiam
1090 1831 1117 1868 s.
1139 1831 1269 1880 gratias
1299 1831 1374 1876 post
1394 1842 1590 1876 acceptum

81 1878 303 1918 beneficium
339 1881 365 1918 s.
394 1894 538 1929 gratum
572 1883 607 1919 se
644 1881 750 1918 alteri
780 1881 979 1930 praestare,
1023 1881 1049 1918 s.
1079 1891 1222 1928 gratum
1260 1879 1368 1917 alteri
1406 1880 1592 1916 declarare

81 1942 258 1966 animum.

183 1979 253 2015 Res
271 1976 425 2025 quidem
444 1978 517 2025 ipsa
537 1990 575 2015 et
596 1977 778 2015 sententia
792 1978 912 2015 Nostri
936 1990 1020 2014 vera
1040 1977 1089 2014 est
1108 1990 1128 2013 e
1147 1977 1286 2014 duabus
1307 1977 1485 2024 partibus,
1504 1989 1592 2015 cum

83 2027 232 2064 Marcus
251 2028 362 2068 dicit,
401 2030 565 2065 curando
587 2027 689 2070 filio,
724 2040 845 2074 eoque
874 2027 1068 2064 reddendo
1097 2027 1200 2063 bono
1224 2027 1466 2073 imperatore,
1505 2025 1592 2066 istos

84 2087 149 2112 aut
168 2077 368 2112 memoriae
389 2076 500 2124 ipfius
519 2078 675 2113 maxime
696 2077 914 2123 profuturos
928 2101 939 2117 ‚
973 2088 1036 2112 aut
1061 2076 1133 2112 sese
1166 2076 1414 2112 declaraturos
1444 2075 1594 2124 gratiffi-

84 2137 167 2163 mos
190 2126 227 2161 in
249 2127 440 2167 Marcum,
471 2125 595 2162 nescio
616 2139 661 2162 an
682 2137 720 2162 et
739 2127 784 2162 de
806 2126 915 2162 tertia
937 2125 1103 2167 ratione,
1138 2125 1337 2160 maximum
1360 2122 1419 2171 ipsi
1449 2135 1594 2162 creatu-

85 2187 146 2211 ros
167 2175 339 2223 gaudium
368 2176 426 2211 vel
457 2176 534 2222 post
564 2186 734 2211 mortem.
793 2177 887 2211 Cum
909 2174 1042 2222 quibus
1071 2185 1113 2210 ut
1133 2172 1302 2209 consistat
1329 2173 1509 2209 sententia
1540 2172 1597 2210 se.

85 2235 227 2271 quens,
263 2222 314 2259 ita
336 2233 475 2260 tantum
499 2224 712 2260 memoriam
732 2224 848 2260 Marci
878 2222 1140 2269 sempiternam
1163 2223 1395 2262 reddituros,
1433 2224 1518 2270 quia
1541 2233 1595 2259 ta·

86 2285 174 2309 men
193 2272 252 2308 vel
273 2284 354 2309 curn
372 2274 528 2323 indigno
553 2287 592 2309 er
613 2273 730 2320 impio
748 2271 828 2308 filio
846 2285 910 2320 per
923 2272 1112 2308 historicos
1134 2271 1175 2306 ad
1199 2271 1322 2306 omnia
1342 2283 1511 2318 tempora
1530 2283 1594 2308 ve-

86 2322 148 2358 nit
166 2322 332 2362 Marcus,
360 2322 470 2358 etiam
489 2323 548 2359 sua
567 2323 637 2357 iam
657 2322 797 2359 virtute
819 2334 861 2357 ac
879 2321 1066 2357 bonitate:
1094 2320 1291 2359 sumemus,
1323 2320 1493 2357 Nostrum
1516 2333 1595 2358 ora-

88 2369 186 2407 torie
206 2370 343 2417 magis,
376 2383 486 2418 quam
506 2384 592 2407 vere
614 2371 739 2408 dixiss'e
760 2371 798 2406 in
820 2370 887 2406 illo
907 2372 986 2407 adv.
1007 2377 1130 2413 μόνως,
1168 2381 1206 2404 et
1231 2368 1408 2405 inducere
1429 2371 1594 2406 Marcum

86 2421 311 2464 loquentem
332 2419 370 2455 in
390 2421 484 2455 aestu
508 2419 620 2455 animi
644 2421 826 2468 quodam,
861 2419 981 2467 qualis
1002 2420 1085 2454 sane
1106 2417 1156 2454 est
1175 2418 1360 2454 interdum
1383 2418 1493 2458 etiam
1513 2431 1596 2455 mo-

89 2468 268 2506 rientium
283 2492 294 2509 ,
335 2480 373 2504 et
402 2467 560 2505 effundit
580 2469 666 2505 talia
686 2468 883 2505 enunciata
902 2467 1036 2507 nimia,
1075 2479 1117 2504 ut
1146 2465 1250 2503 furor
1278 2472 1497 2513 poetarum,
1530 2478 1596 2504 aut

89 2517 276 2564 capiemus
306 2516 396 2553 illud
427 2517 506 2553 adv,
527 2518 594 2554 Gr.
625 2530 691 2564 pro
715 2517 892 2558 maxime,
935 2516 1153 2564 praecipue,
1189 2517 1226 2551 in
1247 2515 1396 2563 primis,
1429 2527 1472 2554 ut
1492 2515 1596 2564 saepe

88 2567 170 2603 Lat.
189 2568 286 2603 unice
306 2577 344 2603 et
363 2564 481 2602 affinia
503 2567 622 2602 unicus
642 2577 681 2602 et
701 2579 788 2602 unus
801 2589 811 2606 ,
850 2565 897 2601 cf.
919 2566 998 2602 lnd.
1020 2567 1119 2601 Suet.
1142 2567 1261 2601 Burm.
1282 2565 1359 2600 Liv.
1384 2566 1470 2603 Ern.
1489 2567 1596 2602 Cort.

88 2627 149 2662 ep.
168 2615 245 2652 Cic.
264 2614 339 2662 (cui
362 2616 454 2651 adde
473 2627 506 2662 p.
523 2625 598 2661 193.
620 2619 671 2657 e.)
700 2626 737 2650 et
763 2616 807 2651 ad
827 2615 912 2651 Sall.
931 2627 964 2661 p.
981 2620 1082 2660 1063·
1103 2614 1137 2650 b.
1159 2626 1207 2649 m.
1237 2627 1320 2651 cum
1341 2614 1394 2651 Cl.
1418 2613 1492 2651 Cic.
1507 2639 1518 2657 ,
1554 2613 1599 2650 li.

90 2666 176 2702 bere
195 2663 424 2701 versantibus
444 2666 540 2701 Latt.
565 2665 704 2711 lnttp.,
741 2675 808 2711 pro
829 2663 882 2699 ita
903 2676 976 2709 que
989 2663 1100 2712 solum
1122 2662 1146 2700 s.
1167 2672 1307 2700 tantum
1322 2687 1332 2703 ,
1369 2662 1430 2700 sed
1465 2674 1599 2701 tenen-

89 2726 130 2752 te
149 2715 227 2762 Stp.
246 2714 321 2751 Th.
346 2713 547 2752 formulam
571 2712 719 2751 affinem
741 2725 762 2755 e
780 2713 874 2751 xen.
890 2711 997 2755 οὕτως
1014 2730 1055 2742 -
1073 2728 1167 2758 μη,
1200 2722 1277 2760 quo
1296 2711 1380 2750 adv.
1412 2715 1597 2761 postremo
