1772 3158
125 39 144 48 x

24 208 27 210 ,
83 147 309 195 LIBERI.
346 144 587 191 CARXV.
625 145 679 190 A.
700 143 756 189 v.
780 140 830 187 c.
858 149 980 197 945.
1025 139 1382 199 CHR.N‚192.
1425 139 1527 199 657

27 258 412 320 καταλαβούσης,
456 255 661 323 φθάσας
700 257 761 321 τῷ
797 261 929 323 quiin
950 274 1126 304 arenam
1148 271 1351 307 evocatus
1374 262 1531 320 fuerat,

27 337 212 402 ἀκοντίῳ
283 335 553 399 μέλλουσαν
617 327 759 398 3⁸72}oe-
794 332 1200 399 comprehendlss'et,
1234 353 1453 401 occupans
1474 341 1532 386 ia-

29 410 201 475 cSOqQ
227 410 298 467 τήν
317 409 392 475 μὲν
412 407 649 468 ἀπέκτεινε,
689 404 760 455 τὸν
795 411 894 458 culo
917 412 1088 456 iamiam
1109 410 1371 469 morsuram,
1419 412 1532 462 hanc

119 544 156 584 q)
178 542 240 574 Ms-
258 512 461 578 Basaazeaem
478 545 510 570 λ.
519 524 567 568 χν.
585 536 634 569 N.

79 650 138 690 τδν
155 648 402 694 ἐκκρεμάμενον)
432 645 536 691 Quid
562 647 630 684 hac
658 660 750 685 voce
766 647 1012 696 significetur,
1048 660 1172 698 neque
1191 649 1298 695 1²01„
1330 662 1401 687 nec
1417 651 1532 700 Sylb..

28 713 101 739 nec
121 700 265 735 Scheid.
285 697 502 734 intellexiffe
521 697 706 734 videntur.
756 698 823 734 llle
849 699 950 735 enim
978 699 1091 736 vertit
1117 700 1274 735 eduam
1302 701 1346 737 ad
1363 711 1531 749 pugnam.

26 751 86 788 ,At
102 748 120 785 ὅ
139 744 372 792 ἐκκαλούμενος
392 745 488 782 nihil
509 747 608 783 aliud
624 746 696 788 est,
723 759 834 794 quam
853 758 1030 784 evocatus.
1078 749 1194 784 Erant
1214 762 1302 784 vero
1321 751 1469 787 evocati
1480 752 1534 788 sa-

30 797 168 835 tellites
193 807 232 832 et
255 794 469 833 cubicularii
490 797 775 843 Imperatorum,
808 797 854 832 de
880 796 1014 844 quibus
1034 798 1139 834 Suet.
1159 797 1198 833 in
1218 799 1337 834 Galba
1355 811 1384 834 c.
1402 812 1454 835 10.
1473 803 1535 837 de-

4 846 116 893 'legit
145 855 180 881 et
208 844 376 895 equestris
403 845 540 881 ordinis
566 845 728 887 iuvenes,
763 846 826 893 qui
852 857 1015 882 manente
1033 849 1242 883 annulorum
1267 860 1454 884 aureorum
1473 848 1535 898 usu

27 894 173 932 evocati
199 896 491 944 appellarentur,
523 894 752 942 excubiasque
776 896 873 931 circa
901 896 1089 931 cubiculum
1110 897 1232 944 finum,
1276 897 1355 933 vice
1381 898 1536 935 militum

27 953 189 993 agerent.
239 943 337 980 Alias
358 943 383 978 ii
405 955 574 991 quoque..
603 942 666 988 qui
683 942 863 979 confeffls
885 943 1073 991 stipendiis
1095 943 1166 981 iam
1189 945 1339 987 dimiffi,
1375 947 1419 982 ad
1438 948 1538 984 mili-

0 1036 1 1039 *
29 996 118 1030 tiam
139 992 256 1029 rursus
277 993 548 1033 evocabantur,
582 994 633 1028 ita
653 991 881 1028 dicebantur.
935 995 988 1030 Ex
1007 994 1079 1029 illis
1097 994 1202 1030 fuilse
1230 1006 1321 1040 puto
1346 995 1535 1034 llafilidem

0 1043 1 1046 ¹
27 1041 136 1078 istum
152 1067 163 1084 ,
207 1053 318 1089 quem
342 1041 466 1077 Euseb.
491 1042 539 1077 H.
560 1041 657 1077 Eccl.
677 1041 744 1078 l.6.
767 1053 797 1076 e.
814 1053 844 1084 5.
866 1039 924 1079 ἕνα
950 1050 1015 1078 τῶν
1043 1046 1073 1080 ἐν
1094 1048 1263 1088 ςςατείκις
1289 1043 1536 1090 ὧκαφερομένων

29 1090 202 1137 appellat.
254 1089 486 1138 Hegefippus
505 1090 586 1125 Lat.
611 1089 829 1126 vocabulum
851 1089 1029 1132 retinuit,
1057 1103 1096 1127 et
1118 1090 1322 1132 ἇῖουὸκατσς
1340 1092 1446 1135 dixit,
1474 1107 1533 1142 ap.

28 1140 112 1176 Eus.
136 1141 184 1174 H.
208 1140 246 1175 E.
274 1152 302 1183 ς.
322 1151 419 1176 c.:0.
441 1140 501 1175 ubi
524 1140 617 1175 male
641 1139 814 1175 nonnulli
835 1139 951 1175 Codd.
973 1151 1010 1175 et
1025 1140 1112 1175 Edd.
1135 1137 1285 1181 ι’ὄκοιτος,
1311 1141 1537 1189 peilimeque

27 1189 70 1226 in
96 1187 230 1224 Rufino
250 1187 416 1225 librarius
437 1200 503 1234 pro
528 1188 592 1224 suo
614 1187 768 1233 ingenio
788 1187 926 1235 scripfit
943 1199 1139 1225 revocatus.
1193 1189 1426 1236 Nicephorus
1446 1205 1538 1228 vero

28 1239 82 1275 H.
108 1239 144 1273 F„
171 1247 204 1283 3.
229 1249 330 1273 c.10.
354 1236 450 1272 refle
468 1236 618 1272 exhibet
640 1234 832 1278 ἧουόκκτος.
884 1238 1032 1273 Notum
1056 1238 1125 1280 est,
1161 1250 1397 1275 evocatorum
1427 1241 1538 1276 mini-

27 1287 177 1324 sterium
198 1285 291 1322 circa
310 1285 536 1322 arcessendos
548 1297 588 1320 ac
608 1285 815 1332 puniendos
836 1285 957 1321 sontes
976 1298 1198 1334 occupatum
1216 1286 1334 1328 fuifle,
1361 1299 1404 1324 ut
1417 1290 1539 1336 paffim

28 1348 73 1372 ex
95 1335 173 1372 Eus.
193 1345 232 1371 et
250 1333 329 1370 aliis
347 1344 460 1380 patet.
513 1337 637 1382 Qare
655 1345 736 1370 non
754 1332 908 1377 dubito,
934 1335 1026 1384 quin
1045 1341 1159 1373 ἐκκαλ.
1181 1335 1250 1373 h.1.
1267 1347 1434 1375 evocatus
1452 1339 1540 1376 red-

29 1386 196 1424 dendum
217 1383 268 1420 fit.
295 1385 432 1419 Stroth.
1348 1412 1352 1413 γ

131 1433 215 1468 Sch.
241 1437 339 1472 niun.
366 1435 400 1468 P.
424 1432 504 1479 pals.
523 1433 692 1474 edm‘lum,
721 1433 763 1469 ad
781 1442 958 1480 pugnam,
984 1434 1045 1469 Sb.
1070 1434 1133 1470 ast.
1150 1443 1430 1483 p7·ovocantem“
1453 1449 1540 1475 cum

31 1495 98 1532 per
119 1481 203 1519 edd.
226 1483 260 1518 P.
283 1482 483 1528 repererim
504 1483 615 1518 modo
643 1482 846 1523 „edufkum
863 1484 1033 1530 quendam
1051 1484 1088 1519 in
1108 1492 1285 1519 arenam“
1316 1487 1464 1523 undeet
1477 1490 1542 1535 ssg.

30 1533 172 1570 retinet
195 1531 397 1580 quaedam,
429 1530 645 1578 respiciens,
670 1543 785 1579 puto,
818 1533 862 1568 ad
882 1545 1021 1567 morem
1049 1534 1172 1573 Rom...
1211 1546 1294 1570 cum
1313 1535 1444 1582 aliquis
1467 1536 1543 1572 sce-

30 1582 182 1620 leratus,
211 1592 354 1627 poenae
377 1580 481 1622 loco,
505 1581 529 1617 s.
551 1579 661 1616 etiarn
685 1580 855 1616 mercede
875 1581 1099 1622 conduftus,
1128 1594 1290 1630 pugnare
1310 1583 1441 1621 debuit
1453 1597 1542 1622 cum

30 1629 123 1666 feris
138 1653 150 1671 ,
175 1639 214 1664 et
231 1629 274 1664 ab
294 1642 362 1667 eo,
392 1629 449 1665 cui
472 1628 509 1664 id
528 1629 670 1675 negotii
691 1629 829 1670 datum,
855 1640 1031 1666 evocatus
1047 1630 1096 1665 est
1115 1629 1154 1666 in
1175 1644 1320 1668 arenam
1341 1646 1361 1668 e
1381 1635 1466 1669 loco
1485 1633 1542 1670 vi-

34 1678 144 1718 cin03
172 1678 299 1724 quales
321 1676 493 1713 homines
514 1676 638 1712 vocati
657 1677 828 1725 bestiarii,
854 1679 921 1714 Gr.
933 1682 1157 1723 θηριομάχοι,
1184 1679 1230 1714 cf.
1244 1680 1286 1714 ad
1298 1682 1542 1720 Suet.Claud.

33 1739 66 1763 c.
88 1737 165 1773 34„
200 1725 300 1762 unde
319 1726 573 1767 Commodus,
611 1737 777 1773 pugnans
800 1738 902 1761 nunc
930 1727 1006 1772 ipse
1029 1739 1111 1762 cum
1144 1727 1285 1770 bestiis,
1321 1729 1422 1766 fiinul
1456 1744 1543 1777 pro-

34 1776 184 1812 duxerit
203 1775 384 1811 eiusmodi
406 1774 625 1815 bestiarium,
653 1775 752 1816 ficut,
781 1787 923 1821 praeter
945 1776 992 1817 se,
1020 1775 1111 1812 alios
1132 1778 1543 1828 quoqueiuffitpugna-

33 1838 75 1861 te
95 1836 159 1871 per
181 1823 248 1859 hos
273 1822 397 1864 ludos,
437 1823 481 1858 cf.
503 1823 612 1870 Xiph.
631 1833 712 1870 383,
740 1834 793 1870 13.
823 1823 966 1859 Strothi
990 1824 1141 1871 quidem
1161 1826 1341 1863 rationem
1363 1827 1413 1864 ita
1424 1828 1544 1872 iuves,

33 1884 79 1910 ut
99 1874 329 1909 Commodus
354 1885 428 1907 non
443 1873 535 1907 solus
558 1872 596 1908 in
615 1884 722 1908 arena
741 1871 875 1914 fuerit,
902 1874 996 1918 (non
1011 1874 1168 1921 amplius
1187 1875 1327 1922 quippe
1349 1889 1448 1913 nunc
1462 1890 1544 1914 cur.

34 1934 122 1959 rens
143 1922 182 1958 in
203 1920 367 1969 suggestu
386 1920 480 1962 illo,)
503 1922 562 1958 sed
586 1921 906 1968 cuinsatellitibus
925 1933 963 1958 et
981 1923 1236 1965 cubiculariis,
1276 1924 1341 1972 qui
1364 1925 1543 1962 ministra-

34 1982 120 2008 rent
139 1983 217 2006 v.c.
237 1983 382 2012 arcum,
410 1969 574 2018 sagittas,
611 1970 749 2010 iacula,
780 1981 860 2006 tum
881 1970 992 2012 hinc,
1017 1971 1117 2018 quod
1139 1972 1269 2008 Noster
1291 1985 1328 2010 et
1345 1975 1412 2010 alia
1435 1975 1545 2014 duxit

34 2019 272 2057 eLatinitate
295 2018 374 2055 eius
397 2019 548 2059 aetatis,
570 2032 649 2054 non
669 2017 791 2055 adalita
811 2018 1033 2056 definitione
1055 2021 1233 2067 quadam,
1259 2023 1296 2058 in
1319 2023 1454 2070 quibus
1476 2038 1543 2060 νο-

37 2069 176 2106 cabulis
198 2068 313 2104 fuerit
338 2080 490 2115 quoque
514 2078 677 2103 evocatus
700 2067 761 2103 ista
794 2069 975 2110 notione,
1023 2082 1132 2117 quam
1162 2083 1237 2106 non
1270 2073 1461 2117 praeteriit
1492 2074 1544 2110 G.

37 2118 111 2154 Th.
125 2143 136 2159 ,
171 2129 380 2153 memorans
401 2129 439 2153 et
458 2117 625 2158 tertiam,
653 2129 725 2164 qua
745 2117 790 2153 de
810 2115 856 2152 cf.
877 2117 957 2153 Ind.
977 2118 1110 2165 Script.
1136 2119 1226 2155 Hist.
1250 2133 1329 2168 aug.
1351 2123 1397 2156 T.
1414 2135 1466 2163 2.,
1490 2122 1541 2159 cf.

37 2168 85 2205 de
113 2180 146 2202 v.
175 2178 315 2208 zaran„
359 2166 420 2201 hic
450 2178 517 2214 pro
546 2166 679 2214 assequi
709 2178 748 2202 ac
778 2178 896 2214 prope
925 2166 1082 2208 veniffe..
1115 2180 1144 2210 1,
1166 2179 1200 2215 3,
1226 2181 1255 2206 1.
1275 2182 1327 2211 e.,
1367 2171 1430 2207 ubi
1458 2172 1545 2208 Sch.

35 2214 304 2264 „comprehenso
324 2223 412 2250 eost

88 2267 228 2310 φθάσας
248 2264 298 2309 Α.)
322 2264 371 2300 ita
399 2263 512 2301 ferire
543 2263 757 2306 maturavit,
775 2284 814 2292 —
841 2275 882 2300 ut
911 2265 1004 2301 hanc
1034 2262 1231 2302 occideret.
1288 2267 1348 2304 Ad
1377 2268 1543 2314 verbum,

35 2313 150 2351 iaculo
167 2322 411 2361 praevertens.
459 2313 544 2349 Vise
564 2314 602 2348 P.
622 2315 733 2360 Leop.
757 2313 909 2350 Emend.
930 2314 952 2349 l.
967 2325 997 2357 5.
1017 2326 1048 2349 e.
1065 2325 1094 2357 5.
1123 2316 1215 2361 Sylb.

131 2363 184 2399 lbi
207 2375 293 2397 vero
319 2362 355 2396 in
380 2363 488 2398 Grut.
511 2365 549 2398 L.
571 2362 666 2408 T.'3.
685 2364 824 2408 p.91.i-
848 2361 942 2398 nihil
962 2364 1098 2409 Leop.‚
1136 2375 1245 2410 quam
1273 2364 1438 2408 „miror‚
1477 2380 1543 2405 cur

35 2411 78 2448 P.
98 2411 275 2452 verterit,
309 2412 364 2446 ita
393 2422 610 2457 opportuno
629 2414 774 2448 vulnere
793 2412 1012 2448 consecurus
1038 2411 1115 2460 est“
1146 2425 1216 2448 nec
1242 2413 1434 2451 meliorem
1455 2416 1544 2453 affe-

35 2469 122 2498 rens
143 2462 234 2500 Vs.,
269 2460 307 2495 in
329 2472 398 2507 qua
422 2461 572 2496 liberior
595 2462 631 2496 P.
654 2460 810 2501 iterum,
838 2460 898 2496 sed
920 2461 1002 2495 sch.
1031 2463 1422 2511 „quumpraevenfft
1443 2478 1543 2502 mor..

36 2509 116 2548 sum
136 2510 278 2545 iaculoss
307 2508 502 2556 ignorante
521 2511 598 2555 Stp.
618 2509 689 2545 Th.
712 2511 807 2547 hanc
827 2508 945 2546 Nostri
968 2510 1168 2546 rectionem
1199 2510 1237 2546 in
1259 2522 1290 2546 v.
1311 2516 1374 2556 4³9-
1395 2514 1544 2563 physice

35 2558 160 2596 sumto
182 2570 265 2593 curn
285 2559 334 2594 rei
359 2570 429 2592 acc.
449 2569 486 2594 et
504 2559 594 2599 abl„
629 2571 738 2606 quam
764 2571 798 2594 v.
821 2571 878 2606 ap.
903 2559 1011 2594 Dem.
1039 2558 1138 2600 ind„
1181 2571 1390 2608 quanquam
1416 2576 1453 2599 et
1479 2564 1542 2600 hic

36 2609 118 2646 Lat.
140 2606 230 2656 quid
250 2606 376 2647 sublit,
414 2606 476 2643 ubi
499 2609 565 2643 Gr.
585 2609 742 2643 relolvas
762 2620 828 2654 per
847 2608 927 2644 adv.
946 2607 1095 2654 aliquod
1109 2633 1118 2649 ,
1146 2619 1189 2644 ut
1203 2609 1329 2655 prius,
1353 2611 1439 2652 rel.,
1476 2625 1541 2650 aut

37 2657 150 2694 etiam
172 2656 276 2692 fimul
297 2668 381 2692 cum
404 2669 439 2691 v.
454 2658 635 2702 quodam,
662 2670 692 2691 v.
706 2669 737 2705 g.
757 2656 858 2704 prius
875 2655 1015 2693 feriens
1036 2657 1166 2698 iaculo,
1189 2668 1281 2693 caet.
1330 2660 1388 2697 Ad
1404 2659 1454 2708 sq.
1465 2665 1540 2707 δηξ.

38 2717 114 2742 aor.
137 2717 219 2742 cum
240 2717 272 2741 v.
289 2717 386 2750 μελλ.
408 2706 445 2740 in
467 2705 532 2742 fut.
556 2706 626 2742 Ms.
647 2705 763 2752 potest
783 2705 900 2741 videri
924 2706 1043 2752 lapsus
1062 2704 1201 2741 librarii
1218 2705 1380 2744 solennis
1399 2710 1438 2745 in
1459 2727 1481 2747 a
1500 2723 1540 2748 et

38 2770 79 2800 ε,
102 2753 165 2793 sed
186 2765 245 2799 et,
269 2755 464 2804 multoque
482 2755 610 2805 magis,
633 2755 848 2804 ingenium,
875 2753 933 2791 vel
954 2767 974 2792 e
993 2753 1088 2792 locis
1102 2753 1196 2800 aliis,
1223 2754 1286 2794 ubi
1304 2768 1338 2793 v.
1356 2773 1392 2803 μ.
1410 2771 1538 2797 occur-

806 2814 885 2859 Tt
