1772 3158
178 93 404 144 LIBERI.
445 91 572 139 CAP.
590 90 664 135 IX.
705 92 760 135 A.
780 88 838 134 V.
862 88 913 134 C.
941 97 1003 143 93
1020 97 1064 140 3.
1100 87 1242 132 CHR.
1263 86 1330 132 N.
1353 87 1471 134 180.
1513 94 1613 140 351

104 215 203 273 „ci-02
224 220 247 244 x
268 206 428 276 καιξός,
456 206 542 269 ἔφη
564 209 595 266 Υ,
627 195 846 268 Κόμμοδε,
883 202 960 252 dos
986 199 1218 251 celebrandi
1237 209 1419 268 tempus,
1463 205 1623 267 inquit,

105 287 222 348 ,,νῧν,
270 278 369 332 οὐδὲ
394 281 526 336 θέαις
562 278 639 328 καὶ
676 279 846 347 {agreste
882 297 908 328 ο
933 277 1182 343 Commode,
1226 295 1336 326 nunc
1371 276 1456 345 est,
1494 293 1625 345 neque

107 355 396 428 »σχολρίζὲιω
432 358 645 406 ἐπίκειται
657 353 751 423 γεῖς
763 374 845 402 σου
887 372 934 415 9.
946 353 1200 424 ᾑκὲῗαεαίίς
1209 351 1416 421 festisque
1425 353 1622 402 vacandi.

105 443 224 499 „voit
254 433 416 496 αὐχέσι
437 429 487 481 τὸ
504 432 597 489 τοῦ
629 430 846 499 Πεςεννίου
881 432 1073 483 Imminet
1083 431 1188 479 enim
1201 430 1282 478 tuis
1294 429 1624 478 cervicibusl'er·

169 582 174 586 .
195 558 232 602 x)
258 559 320 590 Ms.
338 555 393 588 Vi.
413 567 446 587 σι
466 564 500 586 v.
520 552 566 585 N.
633 556 666 594 y)
692 553 728 584 ln
746 552 875 585 Ms.8a.
889 563 923 584 v,
936 556 993 589 ῒφη
1010 560 1120 593 neque
1139 549 1301 583 inclusum
1319 553 1375 590 0,
1402 558 1515 593 neque
1531 558 1625 582 com-

104 603 272 640 matibus,
304 610 415 643 neque
433 599 534 632 etiam
552 599 666 638 κὸμδε.
687 598 794 630 Mart.
828 599 872 630 cf.
892 598 986 629 alibi.

101 699 279 746 ‘miseram
301 711 344 739 ut
357 701 560 752 spellacula
577 712 635 748 ap.
650 699 729 736 Lat.
750 700 882 736 crebro
904 711 972 747 pro
990 697 1100 745 ludis,
1128 697 1192 746 qui
1213 695 1449 746 spectantum
1474 694 1624 734 cf.1nd.

102 753 223 790 Fisch.
245 753 322 788 Th.
355 762 394 787 et
413 751 507 786 Xen.
528 749 607 786 Pol.
627 750 668 786 Z.

152 801 319 844 ἐπίκειται,
339 802 389 848 Λ.)
416 801 536 840 Nota,
566 799 747 846 pluralem
770 801 854 843 αὗχ.
874 796 919 833 de
938 809 1016 833 uno
1034 796 1120 834 dici.
1163 797 1224 833 Sic
1247 795 1326 833 fere
1349 804 1384 838 8,
1405 799 1442 839 6,
1459 803 1514 836 18.
1557 794 1630 833 Di·

103 850 202 888 citur
223 852 314 887 haec
333 849 447 898 vulgo
466 849 632 897 enallage
650 849 809 883 numeri.
865 846 983 882 etiam
998 848 1091 883 Poll.
1106 859 1141 890 2,
1157 851 1232 893 ¹3⁶-
1253 846 1403 882 videtur
1421 849 1571 891 αὕχὲνις
1583 845 1626 881 in

103 901 200 950 plur.
224 913 292 947 pro
310 898 400 947 fing.
422 911 576 945 ponere.
638 897 788 933 Petron.
813 897 918 943 saepe
950 898 1108 932 cervices
1138 909 1206 943 pro
1229 895 1353 932 cervix
1374 906 1406 930 c.
1431 909 1485 941 54.
1509 906 1565 938 9ι.
1587 905 1628 931 et

104 962 166 994 94.
191 961 230 986 et
249 948 329 986 Liv.
344 960 402 992 24,
421 957 455 989 s.
475 948 540 992 (e.)
560 946 637 983 Cic.
657 946 697 982 in
719 945 845 982 Vatin.
873 957 904 981 c.
922 958 954 980 2.
977 946 1035 991 (i.)
1056 956 1096 981 et
1111 948 1210 981 Suet.
1234 945 1366 980 Claud.
1387 953 1446 990 30.
1473 943 1522 981 To*
1543 956 1627 980 cer-

104 999 202 1034 vices
222 999 313 1034 olim
334 997 473 1044 plurale
495 1007 639 1032 tanturn
653 1020 663 1035 ‚
689 995 894 1041 utfauce5‚
926 1000 985 1034 et.
1014 1005 1057 1030 ut
1077 996 1193 1030 Varro
1219 1003 1329 1028 notat
1347 991 1393 1028 de
1415 995 1453 1029 Κ...
1473 995 1516 1029 L.
1540 993 1627 1029 Vll.

104 1061 142 1096 p.
164 1057 221 1090 37.
247 1058 286 1084 et
309 1047 366 1083 lx.
387 1058 420 1093 p.
443 1058 521 1091 ¹42·
539 1045 604 1081 sub
625 1043 690 1080 fin.
713 1044 761 1086 L,
785 1042 1005 1079 Hortenlius
1026 1043 1166 1089 primus
1186 1041 1282 1078 dixit
1299 1042 1441 1083 cervix,
1469 1042 1625 1078 cfiDaV.

104 1096 270 1143 adflirt.
292 1096 338 1132 de
360 1095 394 1131 b.
413 1096 463 1131 H.
498 1105 609 1136 c.,20.
639 1105 674 1139 p.
695 1097 783 1136 760.
832 1092 894 1127 Sic
919 1104 976 1138 ap.
1002 1092 1081 1127 [iv.
1103 1105 1160 1133 22,
1183 1105 1236 1128 ιε.
1259 1092 1325 1138 (e.)
1347 1092 1537 1127 Hannibal
1553 1090 1628 1127 lin·

104 1145 188 1195 guis
205 1144 428 1186 immodicus,
459 1141 527 1178 nifi
549 1154 633 1178 cum
653 1142 772 1179 Gron.
801 1142 904 1177 malis
924 1141 974 1177 ibi
1004 1141 1140 1189 lingua.
1199 1140 1260 1178 Sic
1284 1141 1374 1176 colla
1395 1152 1462 1188 pro
1483 1140 1626 1176 collum

102 1195 155 1231 est
178 1206 235 1241 ap.
255 1195 347 1230 Stat.
371 1204 400 1228 1.
426 1191 517 1228 Silv.
538 1191 583 1226 de
603 1203 700 1239 equo
723 1190 947 1227 Domitiani.
1000 1191 1060 1227 Sic
1080 1187 1196 1228 aalma·
1217 1201 1286 1238 pro
1308 1186 1434 1232 κέλ-,τος
1454 1191 1542 1226 Luc.
1566 1193 1628 1230 16,

102 1253 163 1290 23.
195 1256 229 1278 ν.
253 1240 351 1278 Voss.
372 1241 452 1277 inst.
479 1241 546 1277 Or.
569 1241 649 1276 P.2.
671 1241 738 1285 l-4.
761 1253 795 1288 p.
815 1251 896 1284 148.
950 1240 1102 1277 Scilicet
1128 1239 1305 1276 Praefecti
1334 1240 1522 1276 Praetorio
1550 1239 1628 1288 gla-

99 1292 183 1328 dius
200 1303 280 1327 non
298 1303 366 1339 pro
388 1303 446 1332 te,
474 1291 707 1330 Commode,
741 1290 810 1332 est,
847 1289 909 1328 sed
937 1289 976 1326 in
1003 1302 1108 1326 tuum
1141 1289 1310 1338 iugulum
1337 1289 1453 1338 magis
1485 1289 1629 1325 tendit.

101 1339 432 1384 Quemadmodum
456 1339 572 1381 olim,
605 1352 648 1375 ex
670 1339 745 1384 ipsa
767 1340 851 1388 lege
875 1339 987 1376 etiam
1010 1338 1272 1379 decemvirali,
1301 1340 1358 1375 ius
1381 1337 1492 1387 gladii
1513 1349 1626 1386 atque

99 1388 428 1428 animadverfionis
446 1389 487 1425 in
509 1400 620 1435 caput
640 1388 821 1438 cuiusque
841 1389 980 1425 civium
1003 1389 1165 1436 populus
1189 1390 1293 1425 Rom.
1317 1387 1380 1424 libi
1403 1387 1440 1424 in
1462 1387 1627 1424 (olidum

99 1439 375 1479 vindicaverat,
420 1438 665 1486 maximisque
693 1437 767 1475 suis
800 1438 975 1475 Comitiis
1005 1438 1236 1475 Centuriatis
1271 1437 1537 1474 reservaverat:
1577 1435 1627 1472 lic

99 1489 338 1536 temporibus
357 1490 629 1536 Imperatorum
650 1488 811 1534 potestas
834 1487 946 1537 gladii
976 1486 1015 1524 in
1036 1485 1270 1536 principatus
1300 1488 1550 1535 proprietate,
1585 1498 1627 1523 er:

99 1537 201 1575 inter
222 1549 262 1573 ea
284 1537 400 1578 adet»,
425 1549 520 1586 quae
539 1537 700 1584 principi
723 1538 901 1573 reservata
919 1537 1026 1578 sunt,
1061 1536 1199 1572 censeri
1218 1537 1360 1584 coepit.
1409 1535 1506 1573 Aliis
1534 1547 1627 1572 vero

99 1586 370 1636 magistratibus
392 1599 433 1623 ea
455 1585 612 1633 potestas
630 1599 711 1622 non
731 1585 797 1622 nlsl
825 1587 1010 1634 Principis
1032 1584 1218 1623 beneficio
1245 1596 1464 1633 competere
1485 1586 1622 1633 potuit.

98 1637 204 1674 Inter
223 1636 290 1672 hos
309 1635 514 1683 principem
534 1637 660 1672 locum
682 1636 876 1672 obtinebat
897 1636 1104 1672 Praefectus
1122 1637 1238 1671 praet.
1253 1661 1261 1674 ‚
1290 1637 1370 1683 qui,
1398 1647 1441 1672 ut
1459 1635 1626 1684 gladium

99 1685 391 1732 imperatoribus
411 1684 592 1730 praeferre
611 1685 764 1727 solitus,
800 1685 956 1722 testante
975 1684 1012 1722 id
1033 1683 1268 1733 Lampridio,
1306 1684 1352 1720 fic
1374 1683 1451 1732 iple
1472 1696 1628 1733 quoque

102 1735 148 1770 ad
170 1745 309 1769 munus
340 1732 444 1770 suum
469 1733 674 1770 traditione
695 1734 786 1770 nudi
811 1735 924 1782 gladii
952 1747 970 1770 a
990 1734 1165 1780 Principe
1193 1735 1424 1776 aristentus,
1460 1747 1502 1770 ac
1521 1736 1626 1772 velut

99 1780 292 1867 investituss
312 1781 406 1867 fuilte,
431 1793 472 1819 ut
491 1781 567 1818 Dio
587 1782 748 1819 ostendit
768 1783 808 1819 in
828 1784 928 1819 Trai.
941 1808 952 1826 ,
976 1796 1011 1819 v.
1031 1784 1168 1820 Henel.
1220 1783 1356 1820 Otium
1378 1785 1496 1820 Wrat.
1520 1796 1551 1820 c.
1566 1795 1625 1832 ²3·

131 1858 139 1867 .
163 1835 242 1872 186.
281 1843 316 1878 q.
399 1832 466 1867 isn.

100 1843 126 1881 p
201 1882 259 1917 De
279 1882 370 1927 plur.
389 1893 456 1927 pro
476 1878 587 1929 sing..
625 1892 772 1928 praeter
790 1880 975 1928 superiora
999 1881 1175 1922 subinde,
1212 1882 1299 1918 dum
1322 1893 1342 1916 e
1364 1880 1501 1918 Nostro
1519 1882 1628 1919 colli-

129 1941 239 1967 antur
260 1930 300 1965 in
319 1941 438 1966 unum
460 1931 547 1966 Exc.
565 1930 689 1966 omnia
709 1931 874 1978 exempla
898 1931 978 1967 eius
1000 1932 1146 1979 generis
1171 1943 1211 1967 et
1234 1930 1443 1978 enallages,
1479 1932 1626 1969 interea

100 1941 163 2016 gie
183 1977 373 2016 laudamus
393 1978 510 2016 Fisch.
533 1979 627 2015 l'rol.
649 1984 683 2016 6.
704 1979 750 2016 de
772 1981 846 2017 Vit.
870 1981 909 2016 L.
931 1980 979 2017 N.
1002 1983 1069 2022 ‘r.,
1104 1980 1168 2016 ubi
1188 1994 1223 2029 p.
1247 1993 1306 2017 20.
1327 1993 1360 2016 e.
1392 1991 1548 2030 quoque
1575 1982 1625 2018 de

98 2029 189 2066 loco
211 2028 277 2065 1¹10
300 2029 398 2065 sacro
421 2028 460 2065 in
481 2023 617 2070 κίλποις
638 2028 781 2078 agitur,
820 2042 922 2066 nunc
951 2030 1108 2067 mansuri
1134 2030 1173 2066 in
1204 2029 1308 2066 subst.
1332 2029 1480 2074 nostro,
1517 2030 1626 2068 cuius

99 2080 149 2116 de
171 2077 250 2114 Lat.
270 2090 304 2115 v.
325 2077 373 2115 G.
392 2078 488 2120 Th..
516 2077 579 2114 ubi
603 2082 688 2119 866,
705 2091 760 2124 42.
787 2091 965 2116 monetur
991 2079 1081 2122 „diu
1102 2091 1190 2116 ante
1209 2082 1306 2116 Hort
1329 2079 1502 2129 fingulari
1517 2084 1626 2117 ulum

99 2127 174 2164 effe
194 2129 324 2165 Pacuv.
342 2137 382 2163 et
398 2127 534 2163 Lucr.··
562 2127 624 2164 sed
645 2127 692 2164 de
712 2129 774 2164 Gr.
800 2141 849 2164 ne
870 2129 981 2164 semel
1001 2129 1154 2176 quidem
1173 2131 1252 2176 Stp.
1272 2129 1347 2164 Th.
1371 2131 1500 2167 attulit
1516 2131 1622 2178 plur..

98 2176 266 2221 nedum,
299 2188 343 2214 ut
361 2186 534 2213 moneret
552 2177 598 2211 de
618 2177 681 2213 usu
703 2177 804 2214 istius
826 2190 895 2224 pro
919 2178 1005 2227 ling.
1021 2203 1031 2218 ,
1060 2190 1135 2225 quo
1161 2179 1207 2215 de
1235 2190 1306 2214 nec
1325 2183 1493 2215 notatam
1509 2204 1519 2220 ‚
1556 2180 1624 2226 qui

98 2224 242 2273 aliquid
262 2224 427 2268 dicerem
460 2239 501 2262 ut
519 2237 557 2262 et
576 2226 635 2262 hic
655 2225 756 2262 forte
776 2226 818 2262 lit
840 2228 980 2276 aliquid
1006 2228 1052 2263 de
1074 2228 1301 2268 Latinitate,
1330 2240 1413 2264 cum
1437 2228 1621 2276 perlmld.

97 2276 166 2313 Gr.
190 2275 304 2311 modo
324 2275 447 2312 editus
466 2273 509 2311 fit
529 2275 637 2324 sing,
663 2275 713 2312 ef.
733 2280 906 2312 Ammon.
930 2291 965 2326 p.
987 2290 1044 2321 27.
1077 2278 1212 2313 Thom.
1233 2277 1288 2312 M.
1311 2289 1347 2325 p.
1365 2289 1443 2321 129.
1473 2279 1559 2316 Hes.
1590 2290 1625 2319 1,

98 2327 185 2371 632.
208 2322 285 2360 fine
304 2325 373 2364 N.;
413 2335 571 2361 tenente
598 2325 680 2372 Stp.
709 2325 826 2362 modo
855 2325 892 2362 in
924 2340 955 2362 v.
976 2327 1067 2364 ἐπικ.
1103 2328 1336 2368 „imminua
1361 2347 1400 2355 —
1430 2329 1622 2375 meraph.“

96 2384 185 2409 cum
206 2374 323 2409 altero
347 2373 469 2411 Nostri
491 2374 599 2417 loco,
633 2387 652 2409 a
677 2373 800 2411 Leisn.
833 2376 1035 2421 producto,
1075 2376 1138 2413 ubi
1170 2380 1227 2425 ug.
1253 2389 1274 2413 e
1297 2376 1335 2412 Ρ,
1351 2403 1362 2417 ,
1396 2389 1453 2425 ap.
1474 2378 1523 2414 G.
1544 2378 1621 2414 Th.

96 2424 160 2468 (ut
177 2433 216 2458 et
233 2422 343 2460 affine
361 2422 590 2473 impendere.)
608 2434 691 2460 cum
707 2423 792 2460 Grr.
812 2426 879 2467 al..
915 2436 956 2462 et
981 2425 1058 2462 fine
1086 2427 1220 2473 explic.
1255 2426 1293 2461 in
1326 2438 1470 2474 tropico
1501 2427 1622 2467 lensu,

95 2472 137 2509 h.
153 2470 177 2507 Ι.
205 2471 226 2507 i.
246 2484 282 2520 q.
308 2485 425 2521 prope
447 2471 538 2513 ess'e,
577 2484 678 2508 certe
696 2486 775 2509 non
805 2474 915 2511 nimis
937 2476 1090 2523 procul,
1127 2476 1176 2510 ob
1199 2475 1274 2522 sqq.
1289 2498 1299 2515 ,
1334 2475 1384 2513 cf.
1406 2476 1544 2512 Thorn.
1566 2477 1622 2513 M.

94 2532 136 2569 p.
156 2531 240 2567 345.
269 2521 458 2566 ἐπίκειμας,
490 2522 566 2559 α’ντὶ
584 2524 646 2558 τοῦ
666 2528 810 2565 πλησίον
829 2524 918 2567 rivel,-
938 2533 1047 2568 nemo„
1062 2550 1072 2566 ‚
1102 2523 1210 2561 nobis
1228 2525 1289 2560 hic
1311 2526 1520 2562 lufficientc
1538 2527 1624 2560 b‘dn·

90 2581 165 2618 ειη
184 2588 221 2599 ο-
251 2572 358 2613 iiber,
383 2571 443 2607 sed
464 2583 543 2613 me,
577 2569 655 2608 fine
677 2573 783 2609 desta
808 2574 870 2609 illa
894 2576 1016 2610 Leisn.
1044 2575 1292 2623 antiquitate,
1321 2581 1409 2623 (qua
1433 2577 1478 2613 de
1500 2576 1547 2612 cf.
1573 2575 1619 2613 ad

94 2618 242 2667 Lampr.
264 2619 303 2656 in
327 2621 471 2657 Corum.
492 2624 568 2656 e.6.
588 2633 622 2655 e.
646 2633 683 2668 p.
704 2633 787 2666 492.
811 2624 863 2658 N.
884 2624 992 2660 Salm.
1014 2635 1053 2660 er
1074 2625 1170 2666 Cas)
1197 2623 1435 2672 intelligente
1457 2626 1624 2675 gladium

94 2667 278 2706 Perennis
299 2670 345 2706 de
369 2669 458 2710 lica,
498 2681 568 2717 qua
589 2669 653 2705 ille
673 2672 923 2708 Commodum
946 2671 1246 2709 interficiendum
1277 2673 1463 2716 voluerit,
1502 2686 1542 2712 et
1563 2686 1624 2711 to-

95 2727 172 2754 tam
192 2717 416 2762 formulam,
443 2730 556 2768 tropo
576 2730 723 2758 remoto
735 2744 747 2764 ,
775 2733 854 2771 pro·
869 2721 1060 2760 insidiarur
1083 2721 1154 2760 tibi
1173 2723 1380 2768 Perennis,
1406 2735 1530 2763 tentat
1545 2726 1623 2762 vim
