1798 3163
181 160 352 209 mmm
371 160 408 209 1.
444 157 669 207 mavi.
707 158 762 204 A.
782 154 842 203 v,
866 157 918 204 c.
945 165 1069 213 933.
1113 118 1475 208 CHR'Nssrgo.
1513 168 1619 202 ,οι

116 277 229 336 σίων,
253 274 340 327 εἶθ’
363 287 408 336 g,
439 271 586 342 ‹zo-mg
608 270 663 339 ἐξ
680 271 850 341 ὀχυςσῖς
887 276 1134 342 opulentis,
1189 276 1290 325 dein
1322 276 1439 341 quasi
1460 293 1512 324 ex
1531 294 1630 325 mu-

118 351 413 421 ἀκροπόλεως,
433 346 617 414 δύναμιν
643 347 719 397 καὶ
741 367 854 415 ‘mgi-
891 356 982 406 nita
1019 369 1117 405 arce
1148 352 1348 400 conflatis
1390 356 1529 422 copiis
1559 356 1634 401 in..

48 454 54 456 >
115 426 253 487 βολήν
264 422 855 496 cuyugoreio-ac,3m857‡oeah
890 429 1070 480 vaderet
1098 430 1352 494 imperium.
1426 432 1634 494 Suppetit

115 505 169 573 τῇ
188 505 320 575 οἱςχῇ.
356 499 584 570 aurigans
601 496 652 550 δὲ
671 495 850 566 ὁὸἧμος,
889 516 1088 564 9.autem
1097 505 1269 572 populo
1279 505 1461 556 facultas
1475 506 1635 553 submi·

201 628 235 666 g)
260 625 326 657 Hic
346 624 478 664 nullum
494 634 625 657 comma
645 623 679 662 in
701 623 779 656 edd.
799 631 836 655 et
855 626 922 664 Ms.
941 624 997 665 Bg.
1068 623 1108 669 h)
1135 623 1202 661 Ms.
1216 623 1272 657 Vi.
1294 625 1383 660 ἔπεθίἱ
1400 637 1435 656 τε
1455 623 1635 663 mendose,

116 669 173 722 sed
190 672 338 723 {rimetusus
358 670 392 702 in
409 671 485 703 edd.
507 673 551 702 A.
572 671 609 702 B.
629 680 706 702 cum
722 671 796 702 Par.
817 678 868 706 Ι..
893 679 928 702 v.
947 670 993 703 N.

114 783 152 816 7,
174 785 205 810 ι,
226 784 259 817 9.
279 771 415 816 iterum
436 771 554 808 utitur
574 771 642 814 hac
667 769 831 813 formula
848 779 886 807 et
909 769 1176 815 similitudine,
1207 770 1356 820 (ignota
1373 770 1457 817 Sip.
1471 795 1482 812 ,
1519 769 1636 809 etiam

114 822 225 858 nobis
242 822 425 865 aliunde)
445 821 576 868 ibique
595 821 825 867 improprie,
860 831 953 867 puto
966 845 977 862 ‚
1006 831 1075 867 pro
1098 819 1181 855 adv.
1203 820 1330 868 aliquo
1358 818 1384 857 s.
1403 822 1480 866 syn.
1499 820 1535 856 ei
1553 819 1635 856 for-

112 871 216 907 mula
236 870 379 918 aliqua,
405 883 439 906 v.
461 882 494 905 c.
513 881 623 912 tut0‚
651 869 786 910 libere,
813 869 888 906 fine
906 869 1202 916 impediment0‚
1240 870 1299 905 via
1331 881 1372 904 ac
1400 869 1548 908 ratione
1576 881 1637 906 tu-

114 919 263 961 tiffima,
296 931 390 968 quae
407 919 488 960 hic,
515 918 583 955 ubi
599 921 644 954 de
671 917 836 955 hostibus
855 918 1076 967 quibusdam
1105 918 1225 958 sermo
1260 918 1332 959 est,
1367 918 1480 956 etiarn
1509 918 1637 955 valere

112 969 231 1016 potest
253 970 406 1017 proprio
429 967 534 1007 sensu
547 992 559 1011 a
598 980 618 1003 e
636 980 676 1004 re
694 967 825 1006 bellica
845 967 955 1004 dusto
969 992 980 1008 ,
1014 967 1101 1007 ubi,
1138 966 1281 1004 arcibus
1301 968 1514 1014 occupatis,
1550 967 1638 1004 reli-

113 1030 188 1063 qua
208 1021 296 1055 urbs
315 1030 362 1054 eo
385 1017 498 1060 citius
519 1016 741 1064 faciliusque
759 1028 990 1065 expugnatur
1005 1041 1016 1057 ,
1053 1027 1093 1055 et
1117 1026 1287 1052 caeterae
1318 1016 1493 1063 regiones
1520 1029 1637 1053 occu·

111 1079 249 1115 paritur
270 1078 541 1114 tenemurque;
563 1066 667 1102 unde
687 1076 727 1100 et
744 1066 885 1113 exponi
902 1064 993 1101 licet
1009 1077 1077 1112 pro
1099 1064 1177 1100 cito
1199 1077 1241 1100 ac
1261 1065 1390 1106 facite,
1418 1065 1467 1100 cf.
1489 1067 1535 1101 de
1552 1071 1634 1112 ὰκς.

112 1116 204 1154 Hes.
227 1128 268 1152 et
284 1115 409 1156 Suid.‚
436 1128 511 1151 arx
529 1116 648 1157 urbis,
686 1114 746 1151 sed
765 1127 830 1162 per
850 1117 912 1163 Eg.
934 1113 1050 1162 simpl.
1074 1112 1186 1150 etiam
1205 1117 1246 1153 L.
1268 1115 1354 1152 Em.
1368 1140 1378 1157 ,
1413 1127 1470 1161 ap.
1490 1117 1539 1152 G.
1563 1116 1638 1151 Th.

113 1177 200 1202 cum
221 1168 286 1212 Gr.
305 1178 366 1207 n.,
391 1165 503 1200 etiam
523 1164 563 1200 in
581 1163 750 1212 particip.
772 1174 889 1207 niun„
917 1176 984 1210 pro
1007 1163 1104 1206 adi„
1130 1176 1205 1212 quo
1226 1163 1274 1200 de
1293 1165 1362 1200 Gr.
1380 1177 1413 1200 ν.
1435 1164 1522 1201 Hes.
1549 1177 1638 1202 cum

115 1215 220 1252 Suid.
240 1214 319 1260 (ubi
341 1225 380 1254 et
402 1215 482 1262 Bg.)
509 1213 591 1258 ind,
611 1214 704 1249 Xen.
725 1213 765 1248 Z.
787 1215 874 1262 Cyr.
893 1225 934 1248 ac
953 1213 1060 1248 Bach.

162 1260 227 1302 δάν.
248 1281 277 1301 κ.
301 1265 392 1310 περ.)
418 1264 534 1298 Forte
550 1261 606 1306 aa)
627 1258 778 1302 πλεέτω
792 1278 866 1309 περ.
880 1287 890 1303 ,
919 1274 962 1299 ut
984 1261 1065 1302 aliis
1083 1262 1253 1310 loquitur
1271 1262 1375 1300 locis.
1389 1264 1508 1314 Steph.
1530 1264 1641 1302 cuius

111 1312 321 1357 medicina.
365 1312 494 1348 durior
516 1325 587 1348 nec
606 1311 824 1354 necesshria,
863 1326 900 1347 v.
923 1311 969 1346 ad
994 1325 1021 1353 ι,
1043 1325 1078 1354 2,
1099 1322 1133 1359 3.
1157 1326 1229 1353 m.‚
1263 1313 1448 1350 reddente
1479 1313 1562 1351 Sch.
1594 1313 1638 1350 in

112 1368 168 1406 ῃδ.
185 1380 216 1400 κ.
232 1379 270 1400 π.
289 1376 323 1399 e.
345 1362 549 1399 exercitum
571 1363 761 1409 collige2·c“
787 1361 920 1408 partim
940 1375 961 1401 e
981 1361 1020 1399 P.
1035 1386 1046 1404 ,
1073 1361 1177 1399 unde
1196 1365 1260 1411 ng.
1297 1363 1414 1399 modo
1443 1363 1640 1400 conservat

112 1413 194 1458 Lat.
214 1411 259 1447 ad
277 1423 312 1447 v.
337 1425 370 1448 σ.
385 1435 398 1452 ,
425 1412 652 1447 contrahens
672 1421 712 1446 ct
734 1411 812 1459 ipse
834 1412 910 1448 duo
928 1411 1032 1447 subst.
1054 1412 1095 1447 in
1116 1423 1237 1449 unum
1252 1437 1262 1454 ,
1300 1412 1361 1449 sed
1391 1423 1435 1447 ut
1455 1418 1556 1449 lorte
1578 1424 1640 1453 ce-

114 1461 215 1511 perit
235 1461 339 1498 suum
359 1460 405 1495 de
427 1461 546 1508 copiis
562 1472 658 1504 utr„
685 1460 914 1498 militaribus
933 1473 975 1498 ac
994 1460 1217 1508 pecuniariis
1231 1488 1242 1504 ,
1271 1474 1338 1510 pro
1362 1462 1506 1505 severo,
1535 1475 1641 1499 exer-

110 1513 220 1552 citum
238 1521 278 1545 et
293 1510 488 1558 pecuniam.
1388 1550 1389 1553 Ἴ

160 1562 326 1644 {mimz}
341 1557 417 1643 Aili’i
436 1561 607 1603 §aniius-m
619 1585 630 1602 ,
665 1573 710 1598 ex
729 1572 805 1608 quo
829 1558 970 1596 fastum
987 1563 1139 1598 {mean-a
1159 1561 1383 1601 conveniret
1405 1572 1489 1601 cum
1509 1576 1641 1609 organa-

114 1615 274 1656 τιλάβοι.
323 1619 359 1645 te
409 1635 417 1644 .

211 1657 309 1695 Mihi
341 1618 426 1694 (ΞΜ.
454 1657 685 1701 indicativus
710 1658 860 1696 videtur
882 1658 1011 1707 potius
1042 1671 1239 1706 operarum
1260 1658 1420 1703 vitium,
1457 1673 1569 1709 quam
1598 1670 1642 1698 ut

111 1709 281 1745 excusem
303 1720 368 1755 per
388 1709 585 1755 enallagcn
608 1710 833 1751 modorum,
864 1721 961 1756 quae
980 1719 1020 1745 et
1041 1709 1090 1745 est
1107 1709 1146 1745 in
1166 1711 1267 1758 vulg.
1287 1710 1535 1747 coniunstsvo
1557 1722 1644 1747 cum

113 1767 235 1805 optat.
255 1772 377 1802 regem,
413 1755 582 1797 servante
604 1760 662 1795 Sb.
685 1760 767 1794 Jnd.
781 1758 882 1807 vulg.
905 1758 1113 1799 coniunct,
1141 1770 1182 1794 ac
1203 1759 1380 1796 laudante
1390 1759 1505 1796 fimile
1518 1759 1645 1797 Nostri

113 1806 150 1854 §.
176 1813 231 1846 η.
258 1808 411 1848 δεδιέναη,
437 1803 488 1850 μιῖ
504 1822 556 1848 τις
578 1812 652 1844 ἐκεῖ
666 1811 736 1845 τοῖς
754 1816 953 1853 πράγμασιν
971 1809 1154 1850 ἐπιθῆτση,
1188 1820 1282 1856 quae
1303 1809 1467 1848 formula
1487 1808 1536 1846 est
1558 1809 1643 1857 syn.

116 1854 289 1896 nostrae,
334 1866 405 1902 qua
426 1857 496 1898 de,
533 1866 682 1902 praeter
709 1855 772 1891 ina
799 1856 843 1891 ad
871 1869 900 1898 ι,
923 1865 957 1902 3,
981 1867 1036 1901 14.
1058 1870 1118 1897 e.,
1155 1857 1239 1894 add.
1271 1859 1352 1906 Stp.
1371 1859 1448 1899 Th.
1475 1871 1511 1905 3,
1537 1865 1645 1905 1498.

114 1905 158 1941 C.
179 1903 226 1945 i.,
253 1903 421 1944 servante
444 1904 480 1939 Ρ.
508 1904 667 1952 aliquam
687 1905 766 1942 vim
785 1904 884 1941 med.
899 1925 911 1942 ,
946 1915 992 1940 ut
1009 1905 1073 1943 Gs.
1093 1904 1138 1941 ad
1159 1906 1250 1943 Luc.
1266 1920 1300 1949 2,
1329 1917 1407 1951 189.
1431 1909 1454 1944 i.
1484 1912 1646 1953 ἐπιθέμε-

113 1970 167 2042 3³5⁹
185 1955 231 2008 τῇ
249 1957 308 1995 ἐμ,
342 1953 529 1989 vindicato
550 1953 642 1990 mihi
664 1955 834 2005 imperio,
861 1953 949 1995 ubi,
975 1965 1020 1993 ut
1039 1955 1115 1997 hic.
1141 1959 1177 1994 ἃ.
1196 1955 1414 2004 imperantis
1434 1959 1596 2005 potestas
1614 1956 1644 2001 s.

184 2014 291 2039 nitas.

158 2014 240 2091 {ffr-
263 2051 313 2093 δὲ)
343 2050 526 2089 Particula
555 2056 592 2090 δὲ
615 2051 677 2088 hic
696 2063 733 2089 et
762 2052 846 2089 alibi
870 2065 938 2098 pro
961 2057 1043 2098 γάρ.
1069 2054 1187 2102 Steph.
1244 2053 1322 2091 Hic
1341 2058 1377 2092 δὲ
1405 2055 1454 2091 est
1473 2055 1641 2099 causalis.

114 2101 177 2139 Sic
195 2113 252 2148 ap.
276 2101 390 2137 Hom.
408 2101 536 2138 eadem
553 2115 627 2140 vox
649 2103 805 2149 ponitur
821 2103 879 2140 ἸΛ.
900 2099 951 2145 2⁷,
976 2114 1054 2147 105.
1073 2115 1111 2140 et
1129 2115 1163 2138 v.
1188 2106 1246 2148 56.
1266 2103 1386 2150 (forte
1400 2110 1473 2151 57.)
1496 2119 1529 2141 v.
1542 2108 1646 2142 Wal-

116 2153 212 2193 ther.
230 2153 304 2186 An.
321 2150 402 2186 hist.
423 2163 461 2199 p.
481 2164 532 2197 25.
580 2153 642 2188 Sic
664 2153 777 2188 Marc.
803 2156 858 2194 16,
880 2161 912 2193 8.
932 2154 1025 2189 Luc.
1049 2165 1088 2197 4,
1103 2161 1161 2200 38.
1196 2154 1334 2190 March.
1354 2163 1414 2200 23,
1438 2168 1470 2200 ς.
1508 2168 1528 2191 2
1550 2157 1644 2192 Cor.

116 2207 154 2242 ἱ,
173 2211 229 2235 21.
254 2199 376 2241 Thuc.
401 2212 429 2237 r.
453 2212 557 2248 P·23·
582 2201 684 2237 Elsn.
707 2202 794 2239 Obs.
814 2214 851 2249 p.
867 2213 953 2238 200.
992 2203 1118 2247 Kuhn.
1137 2202 1182 2239 ad
1201 2204 1284 2248 Ael.
1309 2205 1354 2240 V.
1379 2204 1416 2246 h.
1447 2217 1500 2247 ιε,
1524 2215 1558 2246 8.
1589 2210 1645 2252 (p.

116 2258 202 2295 730.
223 2249 272 2285 N.
289 2252 340 2295 5.)
361 2250 513 2297 Raphci.
536 2250 581 2287 ad
600 2252 693 2288 Xen.
715 2263 749 2298 p.
766 2262 871 2297 273„
898 2251 983 2288 add.
1000 2255 1086 2290 Luc.
1106 2263 1164 2295 12,
1185 2266 1220 2293 2,
1238 2253 1324 2290 con.
1348 2255 1486 2292 Matth.
1505 2267 1562 2298 10,
1584 2259 1645 2295 26.

117 2310 160 2337 et
178 2299 294 2341 Mure.
315 2311 351 2344 4,
371 2311 427 2334 22.
449 2301 491 2336 L.
513 2299 590 2336 Bos.
613 2301 736 2336 Exere.
757 2313 791 2349 p.
808 2310 864 2347 43.
891 2302 1009 2340 Leisn.

211 2349 270 2384 De
291 2351 326 2385 δὲ
342 2360 401 2395 ap.
421 2349 542 2386 Thuc.
563 2350 590 2385 l.
608 2350 630 2386 i.
653 2350 824 2391 dubites,
856 2362 982 2387 utrum
1002 2351 1129 2388 Leisn.
1160 2351 1332 2401 respiciat
1362 2353 1386 2390 Ι.
1401 2363 1459 2400 93.
1478 2350 1643 2401 πςέτεςσν

117 2399 177 2441 3³,
202 2409 288 2433 nom
307 2408 414 2440 ante,
448 2410 494 2434 an
512 2398 535 2434 1.
557 2403 637 2442 96.,
674 2399 720 2435 cf.
743 2401 791 2437 N.
811 2410 850 2436 et
871 2401 910 2435 in
932 2401 1060 2436 Schol.
1085 2413 1122 2448 p.
1148 2408 1232 2438 600.
1253 2405 1297 2440 ad
1319 2416 1355 2452 p.
1372 2417 1402 2440 2.
1426 2416 1458 2439 v.
1487 2415 1543 2449 3.,
1580 2407 1647 2454 Bg.

117 2447 286 2485 servante
303 2446 379 2484 vim
399 2447 586 2496 propriam
601 2475 611 2490 ‚
648 2461 742 2497 quae
760 2461 799 2485 et
819 2450 854 2486 h.
873 2450 898 2485 Ι.
924 2451 1097 2488 obtineat
1115 2450 1314 2495 Ιηάὶεηυς,
1350 2466 1391 2490 ut
1420 2465 1499 2489 tota
1520 2465 1646 2491 enun-

117 2496 234 2537 ciatio
257 2507 296 2533 et
316 2494 347 2542 §.
370 2497 458 2533 haec
477 2498 639 2535 sumatur
662 2512 730 2546 pro
750 2498 890 2536 iudicio
912 2499 1100 2542 historici,
1125 2501 1227 2549 quod
1249 2515 1289 2538 et
1306 2517 1326 2538 a
1346 2503 1491 2540 Latinis
1514 2501 1556 2541 fit
1575 2517 1644 2552 per

118 2545 410 2588 adversativam,
434 2548 498 2586 sed
520 2546 589 2588 fic,
613 2559 656 2585 ut
676 2547 904 2587 extrinsecus
927 2547 1007 2586 fere
1026 2548 1225 2588 affumatur
1247 2550 1470 2589 asseverandi
1496 2554 1646 2595 vocula.

118 2607 154 2631 v.
176 2606 211 2630 c.
229 2596 316 2633 iane
335 2596 359 2631 s.
379 2608 467 2633 vere
481 2621 492 2636 ‚
522 2598 633 2633 nobis
652 2599 690 2634 in
707 2599 772 2634 der
797 2599 893 2635 That
921 2599 947 2634 s.
966 2597 1159 2646 w1·›·klich‚·
1198 2613 1240 2637 ut
1268 2612 1393 2637 tamen
1428 2603 1646 2640 historicum

119 2643 301 2681 iudicium
324 2644 415 2681 istud
440 2659 586 2683 maneat
605 2658 762 2695 quoque
783 2648 822 2684 in
844 2649 960 2685 altera
977 2651 1038 2685 τοῦ
1056 2652 1092 2685 δὲ
1116 2650 1275 2692 notione
1295 2655 1374 2699 Stp.
1389 2677 1398 2693 ,
1426 2652 1490 2699 qui
1511 2652 1552 2694 in
1569 2654 1645 2689 Th.

116 2704 229 2732 tenet
257 2707 338 2732 eam
365 2707 396 2736 1,
419 2706 503 2742 9¹3·
528 2698 577 2731 Ι).
596 2709 626 2733 e.
667 2709 814 2734 tantum
846 2711 890 2733 ex
919 2700 1055 2740 Hom..
1101 2698 1149 2736 cf.
1179 2701 1282 2738 Suid.
1309 2714 1340 2745 1,
1364 2713 1442 2746 5¹7-
1466 2702 1488 2737 i.
1518 2703 1647 2740 schol.

119 2743 245 2780 Thuc.
262 2746 300 2781 L.
326 2746 410 2782 Ern.
434 2757 518 2781 cum
539 2747 588 2782 N.
605 2747 654 2782 T.
675 2747 789 2783 Fisch.
808 2758 846 2783 et
867 2749 955 2784 Kbs.
988 2748 1077 2785 ssud.
1101 2750 1144 2786 C.
1169 2760 1276 2795 1298,
1306 2764 1364 2796 ςι.
1387 2751 1474 2800 Vig.
1507 2765 1542 2800 p.
1568 2764 1648 2797 527.

119 2793 190 2830 Nr.
209 2805 268 2838 24-
290 2796 383 2831 Dev.
407 2807 541 2842 p-105·
574 2797 623 2832 N.
650 2808 704 2839 ¹9·
726 2810 755 2833 a.
779 2797 801 2833 i.
834 2799 961 2837 Bauer.
991 2797 1088 2835 Phil.
1120 2811 1156 2846 p.
1183 2804 1263 2844 ¹5⁶·
1284 2813 1333 2839 m.
1364 2802 1489 2852 Hoog.
1512 2803 1588 2853 Op.
1611 2815 1645 2853 p<
