1798 3137
178 186 304 218 xxxx
724 167 1150 214 PRAEFATIO.

178 284 283 337 Sic„
334 281 544 345 quoniam
588 279 648 325 ita
682 279 768 326 fert
813 280 974 325 mentis
1011 278 1231 324 humanae
1265 279 1398 331 ratio,
1429 273 1498 324 ‘ut
1545 279 1680 324 inter-

182 349 285 396 dum
319 351 486 395 acutius
515 346 660 393 videat
684 358 728 393 et
756 349 925 406 cogitet
946 344 1197 401 dilucidius,
1233 345 1305 391 sed
1332 362 1418 409 per
1436 344 1548 391 illud
1566 356 1678 391 tem-

180 418 302 481 poris
335 417 541 478 spatium,
578 430 666 477 quo
696 414 897 476 plagulas
929 411 1140 472 singulas,
1169 413 1256 459 huc
1281 412 1444 467 missas,
1482 414 1680 476 percurri

183 485 405 547 oportuit,
460 498 710 546 quanquam
743 481 836 526 fere
876 482 1072 542 quinque
1101 481 1222 526 horis
1253 482 1298 525 in
1329 497 1398 526 eas
1427 479 1681 533 consumtis,

182 568 277 599 non
315 562 489 604 tamen,
544 561 730 612 propter
764 545 1022 592 denfitatem
1053 564 1199 592 rerum
1238 564 1287 592 ac
1337 545 1681 601 multitudinem,

184 619 333 664 omnia
353 618 516 664 diu-tius
538 624 783 679 potuerunt
794 612 1021 677 perpendi.
1091 618 1239 668 Quam
1259 614 1438 673 quidem
1460 613 1681 676 profeffio-

182 703 289 732 nem
318 697 368 731 ut
396 686 521 748 aequi
550 682 713 728 iudices
736 682 892 727 nolent
912 683 956 727 in
978 683 1146 727 crimen
1176 682 1472 741 negligentiae
1499 697 1683 726 conver-

182 763 278 799 tere
313 762 443 815 atque
473 751 757 812 detorquere,
794 746 854 794 fic
883 765 968 808 ego
998 749 1072 793 hic
1091 747 1246 794 finiens
1269 747 1546 794 necessariam
1572 746 1684 803 duxi,

183 830 236 866 ut
262 819 352 865 aliis
381 819 510 882 plane
534 816 589 862 de
618 818 767 862 animo
801 815 1018 861 constaret
1045 811 1147 860 meo
1178 825 1222 860 et
1249 827 1441 878 pateret,
1483 832 1581 860 mea
1612 830 1686 858 me

184 903 279 933 non
306 889 365 932 ita
386 887 590 945 diligere,
631 894 684 929 ut
703 885 753 928 iis
774 884 1056 946 pertinaciter
1076 892 1318 944 contraque
1340 884 1523 928 aliorum
1543 883 1685 927 moni-

183 964 251 1010 ta,
291 952 321 999 fi
357 951 475 999 retta
504 949 611 1001 fint,
653 946 905 996 inhaesurus
934 949 1009 995 fim
1039 959 1171 1012 atque
1205 951 1529 1001 imnum-iturus,
1578 947 1688 994 ficut:

186 1031 361 1074 contra,
404 1021 478 1084 qui
509 1013 655 1080 operis
684 1015 819 1063 nostri
840 1017 978 1063 futuri
1001 1017 1102 1062 sunt
1138 1016 1357 1069 censores,
1394 1013 1521 1061 fimul
1555 1015 1688 1075 respi-

185 1091 308 1134 cient
336 1086 408 1133 ista
427 1087 631 1133 Addenda
660 1096 704 1130 et
726 1086 1004 1148 Corrigenda,
1041 1094 1092 1128 ut
1115 1083 1245 1144 super
1261 1082 1438 1143 singulis
1459 1083 1567 1127 locis
1597 1082 1688 1145 ple-

187 1173 245 1202 na
273 1157 487 1203 sententia
522 1153 688 1198 dicatur
710 1162 755 1197 et
784 1154 964 1212 integra.
1033 1150 1191 1215 Scripfi
1225 1151 1389 1198 Flaviae
1411 1150 1689 1197 Variscorum

188 1224 315 1272 Iunio
347 1222 495 1270 mense
522 1225 573 1267 A.
605 1223 653 1267 C.
681 1223 744 1266 N.
776 1237 1257 1266 emmeanxxxvm.
