1783 3133
201 80 303 132 538
342 78 566 125 LIBERI.
607 68 730 141 CAP⁸
755 83 870 126 xm.
900 86 953 142 A.
975 85 1030 127 ν.
1057 84 1107 130 c.
1136 96 1255 149 942·
1294 88 1430 139 CHR.
1453 91 1516 156 N.
1541 95 1656 154 189·

190 188 331 253 »τικόν
346 190 550 251 diffluo-ev·
585 195 633 241 ἐκ
647 190 696 242 δὲ
707 189 923 261 δἰκῷᾶξευ
960 196 1047 247 lites
1073 202 1282 250 armavit:
1314 211 1439 271 atque
1458 203 1621 274 diverso
1642 223 1693 256 ac

189 266 294 328 „ml
328 268 520 321 ἐναντίας
550 266 747 330 γνώμης,
783 272 816 316 οἱ
836 269 923 330 μὲν,
961 275 1175 324 contrario
1219 277 1411 347 consilio,
1477 279 1551 328 alii
1591 282 1689 329 odio

184 343 438 407 »μισοῦντες
460 339 602 401 αὐτὸν,
633 337 799 408 ὁὸἧμσς
822 356 857 404 g,
887 347 922 392 οἱ
955 366 1042 398 eum
1056 349 1365 419 prosequentes,
1405 353 1587 422 (nempe
1605 376 1690 423 po-

198 525 201 528 ,
236 525 243 532 ι
275 482 311 525 g)
337 483 372 514 In
393 482 457 513 Ms.
482 483 535 513 Ba.
557 492 667 524 neque
694 485 815 519 ihu..
847 495 955 527 neque
981 491 1038 518 πᾶν
1055 501 1086 518 τ.
1107 493 1152 520 ivr.
1181 502 1212 519 τ.
1229 487 1312 520 stant
1340 489 1372 520 in
1393 491 1590 530 parenthesi.
1647 495 1688 525 Et

187 525 293 568 quid?
335 530 385 557 Αη
412 527 497 557 forte
524 537 702 569 utrumque
728 529 764 559 iit
789 530 960 570 glossema,
993 534 1098 563 textui
1120 532 1300 564 insertum?
1327 535 1434 566 Mart.
1481 537 1566 568 Cum
1588 537 1687 578 (ignis

184 571 251 602 istis
268 569 491 611 parenthefis,
524 581 652 611 praeter
671 575 753 605 Mss.
770 577 830 606 tel.
848 576 969 612 tacite,
994 576 1066 607 sunt
1085 577 1141 608 illa
1161 577 1194 609 in
1215 576 1314 617 edd„
1348 578 1477 622 praeter
1498 583 1541 613 A.
1558 583 1622 620 al.‚
1651 591 1689 613 ut

184 626 262 648 cum
281 614 321 646 iis
340 616 442 646 modo
460 617 600 648 alterum
619 620 676 648 πᾶν
695 633 722 650 τ.
745 624 765 650 ῖ.
784 633 815 651 τ.
837 622 868 650 in
891 621 970 657 Ed„
995 623 1086 654 v.N.
1399 624 1401 626 ’

181 734 325 788 (noviss.
346 734 404 769 ed.
421 734 538 773 Fisch.
557 749 592 783 p.
608 749 660 782 ςς.
681 739 747 781 m.)
770 738 858 774 Posr.
879 741 982 787 Synt.
1002 751 1130 788 p.344.
1151 755 1198 777 m.
1218 736 1302 791 Vig}
1325 747 1454 790 p.669.
1467 743 1545 793 sqq.
1559 770 1570 786 ‚
1596 744 1685 781 dum

179 794 296 819 variat
318 784 450 819 Noster
470 797 536 829 pro
556 790 612 822 ἐπί
633 802 685 823 σοι
708 800 740 827 1,
763 801 798 832 9,
819 800 872 823 ιι.
896 802 959 835 per
977 791 1090 826 alium
1108 791 1250 831 casum,
1277 792 1336 827 sed
1349 794 1513 839 Stp.Th.
1528 807 1561 834 2,
1579 804 1681 840 ¹370·

180 845 212 868 e,
241 837 325 872 »ἐπί
346 848 383 868 σε
403 838 571 887 -Πὼπλὶ,
599 846 726 870 contra
746 848 782 872 te
800 838 990 873 armavit«
1017 852 1037 875 e
1060 840 1234 875 memoria
1253 840 1400 886 profert
1420 842 1533 878 alium
1556 855 1683 878 accen-

177 892 282 934 ‘ur-¹³⁹.
313 893 422 929 quam
446 895 486 917 m
508 893 587 924 ed,
624 895 667 920 ut
686 885 783 920 Dres.
803 885 848 921 cle
871 888 916 922 V.
937 887 1032 930 med.
1053 901 1089 936 p.
1106 897 1185 934 358.
1205 888 1229 925 i.
1253 901 1273 923 e
1290 889 1349 930 l'.,
1375 892 1475 927 unde
1491 901 1531 926 et
1551 902 1584 924 v.
1599 895 1685 928 ὡπλ.

176 931 324 971 reddit,
359 930 419 965 hic
438 931 581 978 physice
600 933 821 978 capiendum
841 935 1015 982 quidem,
1041 950 1109 972 nec
1130 949 1254 973 tamen
1275 937 1350 972 line
1368 949 1504 985 tropo,
1543 950 1611 984 pro
1631 939 1685 974 fa·

176 991 284 1019 cere,
318 991 361 1015 ut
380 992 478 1015 arma
497 981 663 1026 capiant,
690 995 727 1018 et
747 984 870 1020 iubete
892 984 1000 1020 etiam
1016 1010 1027 1026 ‚
1055 986 1175 1033 quoad
1200 985 1358 1027 milites,
1383 986 1432 1022 cf.
1454 1000 1483 1032 ι,
1501 999 1555 1029 12,
1571 999 1684 1028 12.e.‚

176 1029 223 1063 ad
244 1040 338 1074 quos
356 1041 436 1064 non
464 1029 626 1076 pertinet
653 1030 757 1067 iimul
781 1045 834 1078 pr.
855 1038 908 1070 ἐπὶ
930 1041 991 1076 σὲ,
1023 1035 1128 1082 quod
1157 1034 1255 1070 cadit
1279 1046 1424 1071 tantum
1453 1036 1492 1071 in
1517 1036 1576 1072 τόν
1597 1038 1686 1079 Bam„

174 1077 348 1124 plebem,
384 1089 597 1125 quanquam
619 1093 688 1115 nec
711 1082 801 1118 haec
832 1083 980 1129 proprie
1000 1084 1149 1131 gelferat
1173 1096 1268 1118 arma
1289 1095 1327 1119 et
1354 1083 1590 1126 adhibuerat,
1621 1083 1684 1120 ted

173 1128 288 1164 modo
311 1127 450 1172 lapides
469 1140 510 1163 ac
530 1131 693 1177 tegulas,
721 1130 766 1165 cf.
790 1143 820 1165 c.
840 1143 893 1176 pr.
915 1131 945 1179 §.
973 1140 1026 1177 13.
1054 1137 1105 1168 16.
1130 1146 1183 1173 e.,
1211 1144 1304 1179 quae
1325 1144 1450 1169 tamen
1468 1132 1515 1168 fic
1534 1133 1608 1169 late
1629 1132 1685 1169 di-

173 1187 311 1211 cuntur
340 1188 460 1216 arma,
496 1189 679 1224 quatenus
704 1179 916 1216 defendunt
935 1181 1184 1229 laeduntque,
1222 1191 1265 1217 ut
1286 1194 1404 1221 arma,
1440 1194 1536 1229 quae
1555 1181 1683 1221 severe

171 1236 368 1264 vocamus;
399 1237 442 1260 ut
462 1238 571 1271 porro
591 1230 720 1263 eadem
739 1229 842 1274 plebs
861 1242 940 1265 non
959 1231 1109 1277 proprie
1130 1240 1262 1265 contra
1282 1231 1534 1266 Commodum
1553 1229 1682 1266 conci-

172 1284 249 1309 tata
269 1284 346 1308 erat
364 1284 403 1310 et
424 1286 666 1323 pugnaverat,
701 1277 840 1313 femina
860 1277 994 1314 iterum
1019 1290 1179 1327 augente
1199 1291 1295 1319 rem,
1320 1289 1365 1315 ut
1383 1280 1487 1325 supra
1511 1277 1542 1325 §.
1566 1291 1620 1325 pr.
1635 1278 1682 1325 241

171 1321 212 1360 τὸ
233 1334 363 1362 vaae...
398 1322 460 1359 sed
484 1337 568 1359 mox
587 1325 617 1372 ᾗ.
641 1326 688 1372 sq.
709 1338 874 1362 mentem
895 1328 1102 1373 explicante
1121 1328 1242 1368 suam,
1281 1325 1359 1362 fieri
1382 1328 1498 1373 polle,
1537 1338 1580 1363 ut
1605 1339 1681 1362 ma-

171 1371 272 1413 lum,
306 1372 404 1406 intra
425 1372 570 1416 plebem
592 1387 632 1408 ac
649 1375 787 1410 milites
808 1387 909 1410 nunc
928 1375 1116 1412 subfistens
1130 1400 1139 1417 ‚
1175 1374 1284 1412 latius
1307 1376 1441 1413 deinde
1460 1377 1601 1423 serpat,
1640 1385 1680 1413 et

170 1420 216 1461 ad
235 1419 355 1466 ipsum
375 1419 467 1462 adeo
489 1423 761 1462 Commodum,
790 1424 888 1471 quia,
914 1427 1076 1461 tumultu
1097 1426 1335 1465 continuam,
1363 1437 1431 1460 nec
1451 1425 1588 1461 tradito
1600 1423 1683 1460 Cle-

170 1468 312 1510 andro,
347 1470 578 1510 Commodus
599 1473 789 1508 videbatur
810 1473 1019 1509 consentire
1039 1474 1076 1509 in
1097 1486 1232 1509 noxam
1254 1473 1389 1520 plebis,
1414 1483 1454 1509 et
1472 1472 1524 1511 ita
1544 1484 1677 1510 contra

170 1531 249 1557 eam
273 1529 436 1566 pugnare
456 1518 584 1560 simul..
621 1533 657 1556 et
677 1522 819 1557 irritare
843 1522 996 1561 eandem
1019 1523 1063 1557 ad
1084 1522 1327 1562 seditionem5
1363 1535 1433 1569 qua
1466 1521 1677 1570 explicandi

169 1568 345 1603 cautione
365 1567 607 1605 adiutaleffio
622 1570 720 1617 vulg.
749 1569 918 1606 consistet
932 1595 942 1611 ,
973 1571 1129 1616 opinor,
1157 1571 1219 1606 ubi
1241 1583 1274 1605 v.
1292 1571 1425 1617 ὅπλιζ,
1453 1583 1537 1607 cum
1553 1582 1675 1616 praep.

167 1616 327 1664 quadam
355 1630 373 1650 a
395 1617 476 1663 Stp.
507 1618 728 1663 produstum
756 1632 775 1654 e
799 1619 932 1654 Nostro
958 1619 1057 1661 solo,
1093 1619 1140 1654 cf.
1174 1631 1258 1654 cum
1283 1619 1363 1665 syn.
1391 1618 1472 1665 πςδς
1494 1619 1608 1656 etiam
1636 1621 1678 1655 in

165 1665 286 1702 Fisch.
308 1664 388 1706 lud,
410 1666 480 1701 Pal.
496 1689 506 1705 ‚
543 1666 604 1702 sed
630 1679 686 1712 ap.
707 1668 753 1703 G.
775 1668 848 1703 Th.
867 1667 904 1702 in
927 1671 987 1715 ssg.
1011 1680 1094 1704 cum
1113 1667 1178 1703 Gr.
1203 1679 1240 1703 n.
1277 1669 1387 1706 ‚‚Cic.
1408 1680 1552 1708 manus,
1588 1679 1679 1713 quas

166 1713 343 1762 iustiusin
354 1715 480 1762 Lepidi
497 1715 701 1760 perniciem
719 1716 898 1764 armqffi’t,
926 1717 1123 1763 (athicem
1142 1722 1195 1757 σὲ,
1223 1716 1263 1752 in
1276 1727 1376 1752 tuam
1394 1715 1678 1762 perniciem‚)-

164 1775 293 1812 regem
311 1776 457 1799 armare
476 1764 643 1800 adversus
661 1767 852 1808 Romanos,
882 1767 1088 1813 Nep.(1nd.
1117 1768 1192 1805 „ad
1214 1777 1310 1801 arma
1331 1764 1596 1814 instigaress‘)—
1612 1778 1678 1802 ar·

165 1813 283 1849 mavit
305 1826 390 1849 eum
404 1811 507 1860 spes,
538 1813 559 1851 ἰ.
581 1814 787 1857 commovit
804 1818 850 1852 ad
867 1814 1082 1861 accipienda
1101 1821 1242 1856 arma.“

213 1866 250 1898 ἐκ
270 1864 305 1899 δὲ
319 1866 431 1907 διαφ.)
457 1862 616 1899 Deserto
630 1865 690 1902 P..
718 1864 828 1900 etiam
848 1864 931 1899 Sch.
951 1865 992 1899 in
1023 1869 1095 1904 „em
1114 1862 1297 1910 contraria
1308 1861 1504 1911 sententia,
1531 1861 1678 1912 για-βυ·

166 1911 284 1948 temia
301 1910 415 1946 animi
433 1909 684 1959 dist-repantew
713 1914 802 1949 dum
824 1915 889 1961 Rg.
911 1913 1062 1950 exhibet
1080 1919 1120 1950 τὲ
1137 1912 1294 1952 iterum,
1332 1924 1398 1958 pro
1420 1917 1476 1959 δὲ,
1516 1914 1577 1949 1ἐά
1596 1925 1677 1949 non

165 1972 292 2008 praep.
308 1983 319 2001 ,
345 1960 408 2008 qui
431 1960 537 1997 suum
557 1963 634 2000 Lat,
655 1962 702 1998 ad
719 1978 772 2007 γυ.
792 1967 865 2009 (ap.
879 1964 955 2009 Stp.
969 1963 1042 1998 Th.
1061 1967 1211 2009 qu'oque
1229 1961 1392 2002 aliunde,
1420 1973 1460 1998 ut
1473 1963 1587 2009 ap.G.
1603 1961 1676 1998 Th.

163 2021 251 2046 cum
271 2010 335 2046 Gr.
358 2012 412 2053 n.)
433 2010 577 2057 ceperit
606 2023 672 2057 pro
703 2010 920 2049 nostratium
940 2011 1106 2055 Alastcht,
1145 2011 1187 2046 ad
1220 2022 1386 2046 mentem
1413 2011 1440 2047 s.
1457 2010 1677 2060 intelligen-

165 2058 256 2094 tiam
274 2058 463 2100 referens,
489 2071 675 2105 quatenus
693 2060 745 2097 ibi
763 2060 943 2108 cogitatio
964 2062 1141 2107 quaedam
1161 2060 1394 2099 obversatur,
1421 2072 1480 2096 res
1503 2070 1542 2096 et
1558 2059 1675 2101 causa,

164 2120 260 2156 quae
281 2108 441 2154 impellit
459 2108 503 2142 ad
523 2109 685 2156 aliquid‚·
721 2108 785 2146 etsi
807 2111 884 2146 Lat.
901 2110 940 2145 id
962 2120 1063 2157 patet
1085 2109 1274 2145 interdum
1299 2109 1411 2144 etiam
1435 2109 1481 2144 ad
1509 2109 1676 2146 animum

167 2169 209 2191 ac
224 2157 483 2198 voluntatem,
519 2160 645 2194 valens
669 2171 734 2205 pro
756 2158 906 2195 decreto
925 2170 963 2194 et
985 2159 1108 2194 nostro
1129 2156 1336 2206 Entschluss3
1372 2169 1415 2194 ut
1435 2159 1524 2200 Gr..
1555 2170 1675 2206 aeque

162 2206 238 2242 late
258 2218 390 2246 patens
403 2230 414 2247 ,
441 2207 504 2242 hic
523 2219 602 2242 uno
624 2207 831 2244 nostrorum
853 2208 1050 2255 Gqsinnung
1066 2206 1172 2244 reddi
1193 2206 1345 2254 poterit,
1371 2217 1413 2243 ut
1431 2206 1534 2244 simul
1551 2218 1677 2243 teneat

163 2254 278 2303 animi
296 2266 423 2292 motus
445 2266 486 2291 et
505 2255 672 2298 affeems,
705 2255 768 2301 qui
788 2270 884 2298 mox
907 2267 1100 2303 ponuntur
1117 2266 1231 2304 atque
1251 2254 1485 2303 explicantur
1502 2254 1543 2292 in
1562 2254 1676 2303 patti-

163 2305 273 2350 cipiis
287 2328 299 2345 ,
335 2304 496 2340 notione
514 2305 637 2341 causae
657 2304 844 2342 sumendis
858 2331 868 2347 ‚
906 2318 1064 2352 quorum
1087 2306 1126 2341 in
1148 2306 1279 2352 postr.‚
1313 2304 1395 2346 (ubi
1413 2317 1433 2340 e
1453 2317 1508 2352 pr.
1532 2316 1676 2352 repete-

165 2364 225 2390 tur
245 2366 350 2400 pron.
369 2352 501 2396 ada-dm)
521 2357 600 2401 Stp.
620 2355 694 2390 Th.
715 2365 748 2400 3,
777 2367 881 2399 1014.
904 2357 944 2391 C.
970 2355 1034 2392 sub
1066 2371 1128 2394 ης.
1157 2352 1378 2402 generaliter
1399 2366 1468 2401 pro
1496 2352 1613 2402 diligo
1642 2352 1671 2389 s.

163 2415 269 2443 amo,
287 2423 323 2430 —-
351 2403 505 2439 Herodi.
523 2405 546 2438 1.
564 2416 593 2439 1.
627 2410 658 2441 οἱ
683 2409 743 2448 μὲν
760 2419 832 2448 μισ.
861 2405 987 2445 αὗτδυ,
1025 2403 1040 2440 ὅ
1060 2407 1172 2447 δῆμος.
1221 2408 1251 2439 οἱ
1270 2405 1306 2439 δὲ
1328 2417 1443 2448 ςεςνγη
1467 2418 1505 2440 π.
1523 2418 1561 2439 τ.
1583 2408 1606 2438 ἱ.
1625 2418 1673 2444 τ..

163 2451 205 2492 ii.
224 2453 346 2500 quibus
357 2451 498 2488 invisus
509 2452 567 2502 est,
580 2453 761 2500 populus:
781 2454 822 2492 ii,
835 2455 968 2501 quibus
980 2465 1097 2494 carus,
1110 2463 1211 2490 totus
1223 2451 1386 2499 equester
1399 2453 1507 2492 ordo,
1519 2450 1672 2498 (partim

164 2515 184 2537 e
200 2503 237 2535 Ρ.
253 2526 264 2542 ,
290 2501 466 2542 cumalia,
494 2502 654 2549 quamin
665 2502 743 2544 ed„
765 2502 1008 2544 distinetione,
1030 2501 1091 2538 sed
1103 2502 1278 2539 extremis
1291 2499 1606 2540 maleinteneffls‚
1627 2501 1674 2536 de

148 2549 300 2596 ,quibus
312 2550 424 2584 modo
441 2563 474 2596 p.
491 2563 595 2598 ¹254·
608 2555 655 2594 e.)
666 2551 857 2593 ncohors,
876 2552 1028 2599 legio,ut
1039 2550 1134 2588 Bud.
1147 2549 1272 2586 vertit.
1308 2549 1409 2586 Idem
1423 2559 1560 2589 tamen,
1578 2547 1671 2584 licut

163 2600 251 2635 etl'.
264 2611 322 2646 ap.
337 2599 493 2634 Herodi.
506 2613 584 2637 non
598 2600 707 2636 semel
722 2626 734 2642 ,
762 2599 861 2639 τὸἱπ.
882 2617 915 2636 τ.
935 2600 1048 2636 vertit
1059 2598 1245 2648 equestrem
1256 2599 1443 2635 ονιίἱηεηια
1468 2597 1544 2633 fine
1563 2596 1671 2639 locis,

163 2660 258 2696 quae
287 2646 408 2684 noster
438 2649 517 2685 lnd.
540 2649 742 2696 disposuit,
777 2660 820 2686 ut
848 2651 884 2687 h.
902 2650 926 2686 l.
951 2649 1091 2686 arenosi
1113 2647 1239 2689 sensu,
1278 2659 1392 2695 quem
1411 2659 1452 2684 et
1470 2649 1533 2695 Bg.
1561 2645 1671 2687 vidit,

146 2697 232 2756 :sint
250 2709 395 2743 tanturn
415 2702 444 2734 οἱ
467 2704 580 2742 βκσιλ.
599 2703 710 2742 ἱππεῖς
730 2711 764 2743 1,
788 2711 845 2743 12,
868 2710 923 2748 ¹3-
949 2711 988 2737 et
1012 2698 1130 2748 (impl.
1154 2700 1267 2740 ἱππεῖς
1283 2697 1335 2734 ib.
1358 2694 1391 2744 §.
1414 2708 1470 2743 ¹4·
1491 2708 1524 2732 e.
1549 2706 1603 2740 ις.
1621 2708 1671 2732 m.
