1798 3163
1066 47 1076 95 a·

189 130 361 181 LIBER
382 130 418 188 ι
449 129 574 202 ςᾼΡ.
595 127 675 176 1v.
717 127 770 171 A.
792 126 848 171 v.
873 100 1081 182 ‹:.·933.x
1105 116 1334 170 ΜΕΝ.Δ
1355 118 1474 173 τεᾶς
1509 122 1615 183 '105

115 245 425 310 ,ἐπιβαίνοντα
438 284 449 304 ,
488 248 565 294 καὶ
591 235 785 304 δεόμενον
812 251 847 300 ¹1,
885 240 1073 305 indigere
1102 249 1307 310 tanquam
1340 240 1385 289 in
1405 239 1626 309 tempesta-

113 320 292 390 »ὥσ-ντες
324 323 364 370 ἐν
393 319 571 384 χειμῶνι
599 316 676 366 καὶ
711 312 848 385 ζάλῃ,
886 326 925 367 te
955 326 994 366 et
1011 315 1116 388 salo
1149 315 1535 383 gubernatoribus,
1576 335 1625 368 ne

203 454 241 489 u)
266 452 302 483 In
321 450 384 482 Ms.
405 449 460 480 Ba.
478 446 531 478 hic
553 456 682 477 comma
702 445 813 484 deest,
838 455 875 477 nt
897 444 968 484 post
987 448 1020 483 ζ.
1037 444 1153 476 etiam.
1177 445 1287 478 Mart,
1330 442 1502 486 Utrinque
1521 445 1625 477 etiam

114 493 151 527 {n
171 495 248 528 edd.
268 495 466 538 quibusdam
485 501 615 524 comma
631 491 742 527 deest,
767 500 804 522 ut
823 492 857 522 in
880 492 943 522 Ms.
963 491 1045 532 ng..
1068 489 1123 522 sed
1141 498 1179 520 ut
1198 489 1350 523 severius
1359 489 1570 532 comparatio
1581 491 1626 523 ab

116 549 184 572 utr.
206 540 309 572 latere
327 538 498 571 muniatur
514 545 692 569 commate.

115 646 174 679 82.
193 637 268 687 sqq.
287 639 326 676 in
340 640 400 681 R,
426 650 464 675 ar
481 637 518 673 in
530 638 690 685 Bg.cum
710 637 775 673 Gr.
795 635 864 678 alNJ
887 648 967 673 tum
997 637 1142 678 „modo,
1166 640 1289 683 ἀρτίως
1304 659 1315 677 ,
1341 638 1489 684 ternpus
1500 635 1628 686 signif.

112 688 306 736 praesenS,
331 689 356 725 s.
380 701 467 724 mox
486 687 725 735 praeteritum
743 710 754 726 ‚
789 686 814 722 s.
833 686 1004 722 nondum
1027 696 1206 733 practer.‚
1245 685 1269 720 s.
1289 684 1409 722 statim
1427 686 1627 724 futurum“

112 747 272 785 quorum
295 737 500 774 secundum
522 736 584 772 hic
601 736 822 779 cogitaverit
841 737 952 772 Vern.
974 747 1048 772 vet.
1075 748 1138 782 per
1160 733 1284 775 kaum,
1328 735 1407 773 Lat.
1425 736 1513 778 vix,
1545 748 1628 772 non

111 787 338 834 explicatum
359 787 403 822 ab
423 788 516 822 Hor.
538 779 704 833 Tursfp.
721 797 821 828 ¹097.
840 799 893 823 e..
920 785 982 821 sed
1004 797 1083 820 non
1105 784 1188 819 satis
1210 796 1229 819 a
1248 785 1295 819 G.
1316 783 1389 819 Th.
1412 787 1566 822 etDon.
1579 786 1628 823 ad

110 835 203 873 Ter.
224 837 317 872 Hec.
339 846 372 882 3,
398 849 426 877 1,
449 848 526 880 17.,
555 833 680 881 quod,
717 834 928 871 adhibitum
955 835 1002 870 de
1022 846 1212 880 tempore,
1250 833 1438 870 interdum
1465 834 1517 870 dr.
1547 848 1628 883 pro.

111 885 228 933 paulo
249 897 338 922 ante
357 896 395 921 et
415 895 502 920 ante
524 886 635 920 breve
655 894 808 929 tempus
823 909 833 924 ,
869 895 1028 926 quorum
1056 884 1157 930 prius
1189 893 1227 918 et
1253 895 1311 928 ap.
1336 884 1416 928 Stp.
1436 894 1514 921 erat
1529 884 1570 920 in
1589 897 1626 921 v,

111 933 264 976 nostro,
294 946 370 982 quo
388 933 434 969 de
453 933 498 969 cf.
518 931 621 969 Suid.
642 933 729 969 Hes.
749 932 849 969 Tim.
869 932 931 968 Gl.
955 944 990 977 p.
1006 942 1062 977 37.
1085 932 1209 967 Moer.
1233 936 1336 977 p.=68.
1358 933 1563 970 Thom.M.
1590 946 1627 980 p.

115 994 198 1020 112.
220 995 304 1020 cum
321 984 426 1019 L.N.
440 984 486 1021 Τ,
501 1007 512 1024 ,
543 994 635 1027 quae
655 994 739 1018 cum
759 982 842 1027 Bg„
879 992 921 1016 ut
939 991 978 1016 et
997 981 1041 1015 ad
1062 983 1150 1015 Luc.
1174 988 1206 1024 3.
1222 990 1302 1024 553.
1324 982 1373 1016 N.
1393 993 1448 1017 12.
1469 995 1502 1018 e.
1527 982 1625 1031 Prie,

114 1042 156 1067 et
175 1033 284 1070 Grot.
303 1034 347 1069 ad
366 1033 502 1068 Matth.
516 1045 551 1077 9,
571 1039 623 1070 ιε.
644 1042 681 1066 et
701 1030 745 1065 ad
766 1029 850 1078 Vig.
873 1032 1002 1076 p.376.
1023 1042 1070 1064 m.
1085 1029 1149 1069 Ζ..
1187 1029 1250 1074 qui
1278 1038 1317 1064 et
1348 1030 1445 1066 bene
1466 1033 1628 1070 mutavit

112 1081 317 1117 notionum
337 1081 530 1121 ordinem,
565 1078 745 1115 servatum
769 1077 808 1114 in
829 1079 869 1113 L.
890 1079 975 1114 Ern.
997 1091 1017 1114 e
1037 1080 1139 1125 δεμ,
1172 1089 1215 1113 ut
1237 1078 1356 1114 sensus
1378 1078 1420 1115 fit
1440 1080 1476 1115 h.
1496 1082 1544 1123 l„
1565 1080 1627 1117 vi-

113 1129 235 1171 dctis,
258 1129 376 1166 filium
399 1129 571 1166 nondum
590 1127 654 1164 diu
672 1128 744 1164 else
766 1127 1051 1168 adolescentem,
1078 1128 1139 1164 sed
1164 1126 1254 1163 inde
1271 1140 1288 1161 a
1311 1140 1628 1177 pauentempore.

162 1178 288 1224 ὥσπερ)
315 1178 547 1226 indigentem
569 1178 672 1225 quast
689 1176 726 1212 in
739 1178 818 1227 salo
838 1188 875 1212 et
895 1177 1002 1223 flmsl'u
1023 1177 1122 1212 virae
1133 1177 1446 1224 gubernatoribus.
1476 1179 1629 1225 Liv.24‚

113 1235 147 1267 8.
167 1229 252 1271 (m.)
271 1228 418 1274 quilibet
435 1237 627 1262 nautarum
657 1228 902 1275 vefforumque
927 1227 1124 1274 tranquillo
1158 1226 1254 1262 mari
1273 1227 1479 1274 gubernare
1501 1229 1626 1281 pottst,

116 1276 188 1312 Ubi
200 1275 312 1326 saeva
334 1287 415 1312 orta
436 1276 618 1326 tempestas
639 1276 707 1326 (β,
742 1290 784 1311 ac
812 1276 958 1312 turbato
985 1277 1081 1312 mari
1102 1277 1247 1321 rapitur
1265 1286 1370 1313 vento
1389 1279 1516 1312 navis:
1551 1289 1627 1316 tum

107 1325 195 1361 viro
213 1335 248 1360 et
260 1326 505 1374 gubernatore
524 1337 606 1374 opus
627 1325 686 1375 est'.
747 1327 829 1361 Non
849 1326 1046 1374 tranquillo
1065 1325 1301 1373 navigan-ms,
1329 1326 1508 1374 navigant
1536 1328 1628 1364 ado-

109 1373 293 1412 lescentes
307 1402 316 1416 ,
333 1374 399 1424 sed
414 1376 486 1410 iam
505 1376 642 1423 aliquot
657 1376 823 1425 procellis
836 1375 1011 1423 submersi
1024 1385 1134 1424 paene
1149 1374 1291 1423 sumus,
1321 1375 1384 1412 sed
1405 1376 1531 1414 multis
1544 1391 1629 1425 pro.

109 1424 217 1460 cellis
234 1423 344 1460 facile
364 1424 660 1473 submerguntur.
709 1426 857 1471 Itaque,
892 1425 971 1472 quis
997 1425 1300 1473 adgubernacula
1310 1425 1458 1473 sedeat,
1487 1425 1627 1475 summa

109 1485 200 1510 cura
216 1474 473 1521 providendum
491 1488 534 1510 ac
551 1476 831 1521 praecavendum
849 1473 908 1523 cst.
965 1474 1039 1510 Hic
1052 1474 1183 1523 flurslus
1201 1474 1224 1511 s.
1245 1474 1374 1520 χειμῶν
1391 1477 1549 1512 denotat
1562 1489 1629 1524 pe·

110 1521 248 1563 ricula,
275 1523 409 1571 quibus
431 1522 566 1571 aliquis
586 1524 626 1559 in
650 1523 845 1560 iuventute
868 1524 1055 1570 expolitus
1080 1522 1140 1559 cst.
1202 1523 1371 1570 Meraph.
1391 1539 1488 1569 χειμ.
1517 1537 1628 1563 notat

111 1571 226 1609 etiam
247 1572 516 1614 calamitatem,
538 1586 572 1609 v,
597 1572 702 1608 Arist.
725 1573 815 1609 Ran.
835 1577 967 1619 v.364,
987 1583 1026 1609 et
1043 1572 1179 1619 Spanh.
1202 1574 1246 1609 ad
1269 1573 1304 1610 h.
1326 1574 1350 1608 l.
1411 1575 1516 1611 Alias
1543 1577 1628 1612 veri

111 1620 242 1668 potius
261 1621 468 1658 affimilatur
488 1622 663 1658 iuventus
677 1647 686 1661 ‚
722 1635 832 1668 quam
850 1623 976 1658 hiemi:
1007 1621 1068 1658 sed
1083 1621 1222 1668 ·prouti
1253 1623 1313 1659 vel
1345 1623 1473 1659 florem
1494 1625 1628 1661 aetatis

106 1669 252 1716 ipsum,
276 1671 336 1706 vel
356 1671 632 1707 vehementiam
651 1670 844 1708 affestimm
867 1671 977 1708 huius
998 1672 1128 1709 aetatis
1147 1671 1342 1719 respicias,
1376 1673 1518 1720 poteris
1545 1686 1627 1713 eam

113 1731 230 1766 aeque
251 1717 387 1761 hiemi,
421 1733 462 1756 ac
480 1720 555 1756 veri
579 1719 730 1757 ssmilern
756 1721 893 1757 dicere.
920 1721 1036 1758 Leisn.

213 1769 358 1805 Praeter
372 1769 479 1809 Exn,
500 1770 637 1805 Sch.in
660 1776 759 1814 ,,κυβ.
793 1769 1200 1818 gubernaturisnavem,
1225 1769 1384 1807 fimores
1398 1771 1628 1811 hominum“

113 1814 175 1852 sed
195 1817 258 1864 Bg.
281 1829 301 1852 e
321 1818 360 1857 P,
380 1829 443 1864 per
461 1818 586 1860 subst..
608 1831 679 1865 qua
699 1820 908 1855 mutatione
931 1820 1028 1867 perit
1046 1830 1195 1856 externa
1216 1820 1459 1867 futuritemp.
1473 1822 1628 1869 species.

114 1877 197 1901 non
221 1877 344 1901 tamen
367 1878 405 1901 et
422 1867 545 1902 notio.
604 1867 774 1903 Omnino
795 1868 926 1905 Noster
955 1868 1067 1905 futuri
1098 1881 1212 1916 temp.
1244 1869 1506 1917 participium,
1542 1885 1629 1910 cum

114 1925 180 1949 aut
197 1911 274 1950 fine
293 1914 416 1957 artic„
455 1915 563 1961 ponit
580 1915 805 1962 dupliciter,
841 1929 884 1953 ut
909 1917 1028 1954 valeat
1056 1917 1177 1963 primo
1200 1918 1257 1955 sua
1278 1919 1313 1954 vi
1337 1919 1527 1962 futurum,
1562 1921 1627 1959 sed

115 1962 256 1998 deinde
272 1975 314 2000 ut
335 1964 402 2000 stet
427 1976 494 2011 pro
517 1963 588 2001 alio
605 1975 795 2011 ternpore,
836 1978 898 2002 aut
916 1967 953 2001 in
982 1965 1019 2001 id
1041 1967 1166 2001 saltem
1187 1967 1322 2002 resolvi
1345 1980 1478 2016 queat.
1513 1980 1628 2019 atque

115 2011 210 2047 adeo
234 2024 298 2060 per
319 2012 423 2058 impf.
443 2024 506 2049 aut
527 2012 634 2059 praes.
649 2037 661 2055 ‚
689 2014 839 2061 quando
864 2015 952 2050 hacc
975 2027 1037 2050 aut
1057 2016 1177 2050 affinia
1197 2026 1364 2062 tempora
1387 2021 1629 2065 praecedunt,

112 2071 158 2097 ut
179 2072 211 2105 3,
234 2073 265 2103 1,
289 2073 343 2097 10.
363 2059 562 2107 ffqcri‘mualae'
578 2079 618 2100 τε
638 2071 693 2100 καὶ
711 2070 850 2108 epae-tau
870 2072 1210 2110 προκαταληψομένην
1228 2065 1269 2102 *ro*
1286 2069 1486 2113 Βυζάντκσν,
1521 2078 1630 2117 prae-

113 2110 208 2157 mg'lie
228 2111 427 2147 exercitum
442 2137 452 2153 ‚
479 2112 541 2159 qui
563 2125 761 2159 occuparet
778 2114 886 2161 bjyz..
925 2113 963 2149 it.
987 2125 1020 2157 ς,
1041 2126 1079 2157 4,
1095 2125 1152 2151 20.
1178 2127 1226 2149 m.
1253 2120 1379 2159 πέμπει
1397 2115 1476 2159 τούς
1496 2114 1630 2165 &mizon-

113 2175 179 2202 τας
198 2171 253 2201 λ.,
281 2160 420 2200 mittit.
459 2160 522 2209 qui
542 2160 826 2209 petseqitantur‚·
868 2162 929 2198 ubi
960 2172 1086 2197 tamen
1117 2172 1157 2199 et
1188 2162 1344 2200 resolvas
1372 2177 1436 2211 per
1458 2168 1628 2215 particul.

113 2209 197 2246 Lat.
219 2219 259 2245 ut
280 2209 471 2245 causalem.
523 2211 713 2247 Praeterea
737 2211 903 2248 futurum
924 2224 978 2257 ap.
1000 2212 1172 2248 Nostrum
1195 2211 1390 2258 usurpatur
1416 2215 1488 2257 ita,
1523 2228 1566 2254 ut
1582 2217 1628 2255 fit

116 2270 185 2306 pro
205 2255 320 2302 fimpl.
339 2258 454 2305 praes.
477 2270 668 2306 temporc;
705 2261 807 2310 quod
827 2260 868 2297 fit
888 2260 1005 2307 ipsum
1029 2262 1174 2297 duobus
1198 2265 1339 2305 modis,
1365 2264 1547 2310 primum,
1585 2276 1630 2305 ut

114 2307 199 2345 hic,
227 2305 290 2344 ubi
309 2306 511 2343 solitarium
537 2308 634 2344 adest
654 2309 748 2350 fut.,
774 2310 834 2346 sed
854 2309 1012 2351 deinde,
1048 2321 1088 2346 ut
1107 2310 1215 2352 alibi,
1250 2311 1313 2347 ubi
1337 2312 1408 2349 sut.
1428 2316 1629 2361 copulatur

115 2369 200 2392 cum
223 2356 338 2404 praes.
361 2367 425 2393 aut
444 2369 539 2400 aon,
566 2359 629 2406 qui
653 2359 806 2406 etipse,
837 2371 879 2396 ut
897 2358 968 2395 fut.
990 2372 1165 2407 quoquc,
1193 2373 1259 2409 pro
1290 2363 1402 2407 praes.
1435 2365 1485 2400 est
1513 2365 1631 2403 inter·

115 2405 228 2447 dum,
254 2404 302 2442 cs.
325 2405 356 2454 §.
385 2417 415 2448 ς.
438 2418 476 2443 et
502 2420 531 2447 ι,
553 2418 584 2453 3,
609 2420 662 2443 ιι.
682 2421 736 2450 e.;
768 2421 809 2444 ut
829 2407 889 2444 ista
910 2420 1078 2454 tempora
1102 2408 1190 2450 tria,
1220 2411 1351 2456 prae-12,
1377 2423 1453 2451 αυτ.
1474 2425 1513 2450 et
1541 2415 1629 2458 sut..

114 2467 184 2503 pro
207 2465 284 2490 uno
304 2454 415 2490 liceat
435 2456 570 2492 habere
590 2465 702 2504 atque
721 2457 852 2493 eodem
867 2482 877 2498 ‚
915 2467 954 2493 et
974 2459 1058 2495 Var.
1082 2459 1122 2495 L.
1147 2458 1207 2494 hic
1229 2472 1301 2495 aor.
1321 2473 1390 2507 pro
1418 2461 1487 2500 sut.
1509 2476 1574 2511 per
1593 2464 1630 2502 se

113 2504 286 2541 tolerare.
339 2506 412 2540 lam
433 2504 472 2541 in
495 2505 598 2542 subst.
621 2506 669 2543 est
692 2518 839 2554 tempus
862 2505 1055 2543 infinitum
1069 2532 1079 2548 ,
1122 2518 1161 2543 et
1180 2519 1214 2543 ν.
1234 2520 1264 2543 c.
1276 2511 1503 2556 gubernator
1520 2524 1630 2550 com-

114 2551 289 2601 plestitur
309 2565 414 2594 eum,
445 2554 509 2602 qui
538 2566 627 2591 ante
647 2555 887 2603 gubernavit,
914 2569 953 2592 et
972 2557 1034 2604 qui
1054 2558 1236 2604 gubernat
1255 2571 1357 2594 nunc
1374 2573 1437 2597 aut
1456 2561 1579 2608 postea
1590 2575 1630 2600 et

113 2602 335 2650 aliquan‹lo;
371 2613 446 2647 quo
479 2605 543 2651 ssg.
566 2604 657 2641 ratio
682 2606 772 2641 salva
794 2605 854 2641 est.
919 2607 1119 2642 Caeterum
1148 2607 1266 2643 ethic
1286 2609 1438 2656 proprie
1459 2611 1629 2660 suppleas

113 2663 222 2699 pron.
247 2651 337 2699 pers.
363 2652 479 2693 αὖτόν,
507 2652 740 2701 indigentem
761 2656 831 2695 iis,
858 2654 1010 2703 quisint
1023 2656 1289 2703 gubernaturi,
1315 2659 1632 2706 gubernentemm

114 2699 180 2736 ubi
201 2709 235 2736 v:
257 2713 354 2742 utr.‚
380 2703 445 2737 Gr.
467 2714 507 2737 ac
527 2703 630 2744 Lao,
665 2704 815 2751 proprie
837 2703 1062 2752 phyliceque
1089 2704 1136 2741 de
1155 2705 1238 2741 navi
1259 2706 1496 2755 usurpatum,
1522 2709 1632 2746 dein-

114 2748 162 2786 de
181 2750 227 2789 de
247 2749 450 2796 aliisrebus
470 2763 509 2790 et
529 2753 762 2802 corporibus,
789 2764 832 2793 ut
848 2753 970 2803 equis,
996 2752 1188 2793 moraliter
1207 2755 1268 2793 hi'c
1287 2754 1334 2794 de
1352 2758 1448 2806 pers.
1467 2759 1530 2803 est,
1553 2758 1631 2798 sua·
