1772 3158
113 105 282 151 LIBER
301 104 336 149 1.
371 78 498 149 'CAR
518 104 634 148 XIV.
676 105 729 149 A.
754 105 810 149 v.
836 104 884 149 c.
914 111 1036 159 944.
1074 102 1442 159 CHR-N.191.
1488 107 1584 159 585

83 218 236 288 α’ῖέξες
283 214 377 288 yde
419 216 570 286 ἧμέξιοι
622 219 815 278 συνεχῶς
851 223 1134 269 Stellaccnim
1149 237 1229 284 per
1243 221 1358 267 diem
1370 232 1594 286 perpetuo

85 295 346 356 ἐξέλεποντο,
404 294 542 361 ἕτεξοί
572 312 619 340 τε
652 295 710 346 εἷς
742 295 818 357 μῆ-
854 298 1254 364 conspiciebantur,
1298 299 1596 360 quaedamque

87 391 161 424 κος
222 379 557 434 κεχαλασμενοι
575 409 587 429 ,
664 368 719 421 ὡς
787 371 825 417 ἐν
862 376 1033 420 exiisin
1057 375 1240 434 longum
1257 371 1515 437 produ‘dae,
1539 376 1599 419 ita

89 508 149 547 hic
166 509 260 547 illud
284 510 403 553 Iovis,
429 520 514 545 cum
533 508 685 550 Noster,
711 507 757 544 de
777 521 878 544 more
899 507 1136 555 profanorum
1149 505 1407 543 historicorum
1429 507 1600 551 aliorum,

89 560 258 597 subiiciat
277 559 457 606 deinceps
480 557 592 594 etiam
611 558 695 595 talia
715 557 811 606 signa
831 558 942 593 tristia
963 570 1001 594 et
1022 558 1238 594 futurorum
1257 557 1450 598 malorum,
1478 570 1520 594 ut
1537 558 1600 593 ha-

87 610 266 646 bebantur
283 621 302 643 a
319 608 575 655 superstitione
595 618 804 655 temporum
826 608 970 643 iliorum
988 631 999 648 ,
1026 606 1058 653 §
1076 617 1106 652 3.
1130 619 1142 641 ι
1156 619 1183 641 ι.
1198 631 1208 647 ,
1242 618 1260 640 a
1290 606 1442 642 numine
1468 606 1598 642 divino

86 656 186 694 missa
208 669 248 691 ac
271 656 458 703 permissa,
485 669 550 704 per
571 656 660 692 iram
682 669 719 692 et
741 669 899 703 poenam
924 657 974 692 ob
998 654 1197 692 Commodi
1216 654 1346 691 scelera
1367 655 1399 702 ᾖ.
1414 667 1494 702 13„
1519 667 1599 692 non

88 717 237 743 tantum
258 706 295 741 in
316 707 424 742 coeio
443 718 480 742 et
500 711 606 746 aere,
633 706 751 742 stellas
775 706 924 742 diurnas
944 717 984 740 ac
1004 717 1166 741 cometas
1188 705 1220 753 §-
1251 717 1280 739 ι.
1296 730 1307 746 ,
1333 702 1394 740 sed
1415 717 1453 742 et
1474 706 1512 741 in
1528 717 1601 741 ter·

89 767 125 790 ra
139 776 150 792 2
181 755 380 791 monstrosa
401 755 569 791 animalia
589 755 621 801 §.
641 768 676 791 2.
690 780 700 796 ,
729 767 809 792 tum
828 767 945 792 terrae
967 765 1133 796 motum,
1154 752 1300 790 fulmen
1320 764 1358 789 et
1381 753 1600 790 incendium

87 803 221 851 templi
242 804 345 840 Pacis
365 805 438 852 §.4
451 829 462 846 ,
490 804 611 850 qualia
625 805 993 852 comprehenduntur
1009 816 1088 840 non
1108 803 1221 839 modo
1234 803 1300 838 illo
1313 804 1392 839 Lat.
1405 803 1601 852 Bg.st1bst.,

86 865 216 890 verum
235 854 347 890 etiam
369 853 450 890 aliis
468 854 561 894 inis,
588 853 715 902 tgslemo
736 866 776 890 ac
795 854 968 904 monstro,
994 853 1043 889 cf.
1062 854 1109 890 G.
1132 851 1206 888 Th.
1226 851 1266 888 it.
1283 852 1360 888 Cic.
1382 853 1427 888 de
1440 852 1556 888 divin.
1571 864 1603 894 ι.

87 902 186 950 93.s.
207 914 311 946 c.42.
326 916 374 938 m.
400 914 439 939 et
457 903 503 939 de
523 916 598 939 nar.
617 905 675 939 fle.
696 917 733 945 2,
756 916 812 949 14.
838 903 864 939 s.
884 916 916 938 c.
934 915 964 946 5.
980 915 1028 938 m.
1081 904 1275 939 Caeterum
1300 903 1364 957 ΒΞ.
1390 902 1496 938 duxit
1518 916 1538 938 e
1558 901 1600 937 P.

88 963 170 987 tum
189 953 267 988 Lat.
287 951 424 988 iterum
443 952 487 987 ad
511 966 543 988 v.
563 957 669 996 ἐγω,
704 964 782 989 tum
807 957 842 990 δὲ
864 952 1053 995 omissum,
1089 951 1206 998 (quod
1225 951 1302 988 h.l.
1323 962 1461 987 iterum
1483 951 1533 987 est
1560 950 1602 987 in

89 1000 243 1037 tranfitu
260 1000 304 1036 ad
326 1001 412 1038 alias
432 1003 516 1047 res,)
538 1014 614 1038 tum
635 1002 804 1038 ordinem
825 1001 938 1037 alium
961 1001 999 1037 in
1017 1007 1103 1042 τινὲς
1125 1013 1167 1035 ac
1183 998 1261 1042 aa).
1297 1000 1418 1047 (quod
1438 1000 1498 1036 hic
1517 1000 1603 1036 sane

89 1049 225 1086 mirum
250 1050 374 1086 locum
395 1051 562 1092 obtinet,
600 1050 759 1097 positum
781 1051 821 1087 in
839 1049 1108 1087 enunciatione
1127 1049 1206 1085 fere
1224 1052 1414 1093 extremm
1436 1060 1514 1086 tum
1533 1049 1604 1086 de·

89 1098 207 1147 nique
230 1099 268 1135 in
289 1100 406 1137 libere
425 1100 568 1136 reddita
590 1101 748 1136 formula
769 1100 842 1136 κατ’
865 1105 911 1136 ἐκ.
933 1116 986 1139 m,
1022 1098 1070 1134 cf.
1095 1110 1125 1139 1,
1150 1110 1206 1140 12,
1236 1110 1267 1133 1.

136 1153 253 1195 ἃςέςες
270 1165 306 1194 7.
331 1148 445 1195 ἦμες.)
473 1161 541 1195 pro
562 1150 601 1186 δι’
621 1148 759 1196 ἧμέςας.
810 1150 1002 1195 Frequens
1015 1146 1346 1183 antimeria-Leisn.
1381 1147 1493 1185 Cuius
1513 1146 1605 1195 figu-

90 1210 151 1234 rae
173 1198 384 1245 exemplum
402 1197 507 1245 supra
531 1202 610 1240 1,6,
635 1211 664 1235 1.
678 1211 727 1234 m.
747 1197 822 1234 fuit
840 1197 879 1233 in
900 1196 970 1232 adi.
989 1213 1111 1242 πανημ.
1132 1196 1178 1232 de
1198 1196 1311 1242 pers..
1337 1207 1380 1233 ut
1399 1197 1536 1234 h.l.‘=de
1548 1210 1604 1239 re,

92 1246 157 1283 ubi
178 1248 221 1282 ad
242 1245 425 1283 rationem
439 1247 561 1283 Leisn.
577 1275 587 1291 ,
614 1259 682 1293 per
702 1258 878 1295 praep.et
897 1245 1023 1287 subst.,
1049 1246 1120 1282 eP.
1143 1244 1213 1281 adi.
1235 1245 1357 1282 reddit
1373 1248 1436 1294 b’g.
1453 1270 1463 1287 ,
1488 1247 1605 1283 etiam

89 1296 318 1343 Sch.partim
332 1296 371 1331 in
397 1301 483 1336 „0⁹:52
496 1297 534 1332 st.
554 1310 589 1344 p.
602 1297 635 1331 d.
655 1300 890 1346 apparebant,
915 1295 973 1341 ἧμ.
992 1297 1167 1337 diurnae,
1193 1306 1229 1342 p.
1248 1296 1283 1331 d.
1297 1302 1449 1342 appar.“
1468 1295 1528 1331 sed
1542 1296 1606 1332 Sb.

49 1346 53 1349 ”
89 1347 171 1382 lnd.
190 1358 256 1392 per
278 1345 357 1392 syn,
378 1346 459 1383 adv.
479 1346 653 1388 interdiu,
680 1356 724 1382 ut
743 1358 783 1383 et
804 1346 842 1382 in
856 1346 935 1382 Lat.
950 1359 983 1382 v.
994 1344 1122 1395 stellae
1149 1344 1344 1385 „interdiu
1357 1345 1465 1386 visae,
1490 1357 1606 1392 quae-

89 1395 171 1430 dam
202 1392 312 1430 etiam
341 1395 379 1430 in
403 1394 524 1430 media
553 1396 709 1443 regione
736 1396 828 1434 aeris
858 1395 1096 1442 pendentes«
1124 1394 1260 1442 quibus
1287 1393 1437 1441 reliquis
1468 1392 1606 1431 deinde

87 1455 258 1484 utemur;
293 1444 388 1480 nihil
409 1456 451 1481 ut
471 1444 584 1492 profit
604 1446 648 1481 ad
671 1443 741 1481 adi.
762 1446 828 1482 Gr.
850 1443 938 1482 Hes.
966 1456 994 1486 1,
1018 1448 1122 1490 1631.
1147 1456 1195 1479 m.
1215 1442 1290 1490 sq„
1316 1443 1376 1479 sed
1399 1443 1443 1478 ad
1463 1442 1607 1479 formu·

87 1493 160 1529 lam
183 1493 437 1540 explicandam
460 1495 550 1531 haec
567 1493 644 1542 syn.
667 1507 726 1541 ap.
747 1494 849 1531 Suid.
878 1507 906 1536 1,
926 1493 1019 1538 59.i.
1046 1493 1180 1540 ἧμεςινὲι
1198 1495 1272 1540 ς’ὦα
1286 1518 1296 1534 ,
1321 1497 1366 1529 τὰ
1383 1495 1469 1530 πᾶσι
1487 1488 1609 1539 φαινί-

88 1558 171 1588 μευκ
191 1544 266 1581 καθ’
285 1542 428 1590 ἑμέραν,
466 1545 599 1580 diurna
619 1543 813 1585 animalia,
844 1550 933 1592 quae
958 1544 1001 1579 ab
1028 1545 1184 1579 omnious
1210 1541 1374 1579 interdiu
1396 1552 1608 1585 cernuntur,

91 1592 194 1639 quod
219 1592 290 1629 adi.
312 1606 345 1628 v.
367 1605 424 1641 ap·
442 1595 539 1630 Xen.
565 1595 677 1643 Cyn,
714 1603 757 1630 ut
787 1593 952 1629 nostrum
971 1592 1073 1629 simul
1096 1592 1134 1628 in
1157 1591 1252 1628 Bach
1285 1591 1389 1633 lnd.,
1425 1593 1608 1628 noscente

87 1638 174 1687 ’δεμ
197 1642 270 1676 Th.
292 1640 375 1689 pass.
395 1655 428 1677 v.
449 1650 506 1689 βλ.
528 1655 673 1679 tantum
695 1656 715 1678 e
736 1644 848 1685 Luc„
876 1654 948 1678 nec
970 1654 1053 1678 cum
1071 1643 1134 1690 Bg.
1149 1666 1160 1682 ,
1196 1653 1251 1687 ap.
1277 1641 1324 1676 G.
1345 1641 1417 1676 Th.
1448 1639 1608 1689 nconspt'·

90 1690 143 1724 cio
156 1713 166 1730 ‚
186 1709 221 1716 -
245 1702 370 1736 praep.
389 1703 500 1738 auget
520 1712 557 1720 -—
577 1690 917 1740 significationem“
945 1704 966 1726 e
984 1691 1184 1728 notatione
1198 1689 1364 1738 quidem,
1388 1702 1467 1726 non
1480 1702 1609 1727 autem

92 1750 138 1774 ex
160 1737 245 1778 usu,
281 1740 347 1788 qui
368 1749 407 1775 et
424 1739 499 1776 fert
527 1753 596 1787 pro
621 1740 758 1787 fimpl.,
793 1752 864 1775 nec
890 1751 1047 1776 tenente
1066 1742 1148 1786 Stp.
1176 1739 1216 1774 in
1246 1738 1326 1789 adv.
1349 1753 1382 1775 σ.
1403 1741 1491 1795 ng
1523 1739 1560 1774 h.
1582 1739 1608 1774 l.

92 1801 159 1835 per
179 1789 315 1824 multos
336 1787 414 1824 dies
435 1789 626 1836 deinceps,
655 1800 718 1825 aut
736 1787 883 1826 diversis
905 1789 1047 1830 diebus,
1072 1786 1268 1824 interit-&0
1291 1800 1472 1834 temporis
1492 1787 1611 1824 inter-

92 1837 192 1872 vallo
221 1837 408 1884 quodam,
441 1836 623 1880 subinde,
661 1839 815 1879 crebro,
853 1836 899 1873 cf.
923 1837 969 1873 de
995 1837 1106 1874 stellis
1134 1837 1279 1874 diurnis
1296 1835 1372 1873 fine
1392 1836 1520 1874 omine
1548 1836 1608 1874 vel

91 1887 215 1922 Ebcrt.
237 1885 339 1933 phys.
362 1899 424 1933 per
442 1886 585 1934 epistol.
613 1899 644 1929 1,
666 1899 747 1932 90.,
773 1898 922 1923 tacente
942 1888 1091 1934 Lampr.
1114 1898 1152 1923 et
1170 1886 1285 1932 Xipb.

139 1933 265 1981 ἕτεροι)
293 1936 488 1972 cometam
517 1939 731 1984 περιφράζει.
781 1937 927 1985 Lampr.
952 1940 1006 1972 16.
1033 1937 1172 1972 crinita
1196 1935 1292 1971 stella
1319 1937 1516 1986 apparuit.
1542 1935 1610 1973 ubi

94 1985 139 2020 dc
160 1985 327 2031 pluribus
355 1984 552 2035 prodigiis,
592 1986 738 2036 imperio
764 1986 838 2023 eius
867 1997 906 2022 et
924 1986 1057 2032 publice
1082 1997 1120 2021 et
1146 1986 1324 2033 privatim
1353 1985 1468 2023 fastis
1496 1986 1607 2022 Boecl.

95 2033 235 2069 crinita
266 2034 302 2070 st.
327 2044 454 2083 appar.
493 2035 661 2083 Lampr.,
694 2047 807 2083 quem
831 2035 967 2082 pariter
996 2046 1032 2071 et
1049 2035 1182 2072 Zonar.
1209 2034 1362 2072 consule
1389 2036 1435 2073 de
1454 2034 1610 2072 caeteris

88 2081 284 2131 prodigiis.
311 2085 427 2120 Oxon.

196 2131 318 2168 Leisn.
337 2135 379 2169 ad
400 2146 447 2168 m.
468 2135 537 2170 Ox.
557 2133 662 2181 supra
682 2133 733 2170 ἔτ.
755 2132 941 2180 adscripsit
960 2129 1062 2174 ἔνιοι,
1095 2143 1134 2169 et
1161 2132 1205 2169 ad
1231 2145 1278 2169 m.
1302 2133 1374 2172 Ms.
1394 2134 1458 2183 ng.
1487 2132 1611 2182 „quid

94 2192 271 2217 numerus
290 2182 573 2219 multitudinis?
608 2185 722 2219 forte
743 2184 812 2232 leg.
835 2182 879 2225 εἷς
900 2198 938 2218 τε
962 2189 1006 2224 εἷς
1028 2199 1062 2226 μ.
1084 2189 1342 2227 κεχαλασμένας
1353 2195 1385 2220 Λ.
1410 2185 1556 2231 Lampr.
1577 2194 1611 2218 c.

98 2236 156 2267 16.
176 2241 214 2267 et
233 2231 329 2267 Zon.
349 2233 394 2268 de
416 2244 492 2267 uno
510 2231 746 2279 loquuntur“
771 2245 849 2281 quo
869 2231 974 2269 sensu
991 2244 1029 2267 et
1045 2231 1104 2268 hic
1117 2232 1289 2278 explicari
1312 2233 1462 2278 pluraiis
1483 2244 1612 2280 queat,

95 2291 140 2316 ut
166 2279 211 2315 de
237 2292 309 2315 una
330 2291 473 2317 tantum
496 2281 614 2317 valcat
635 2281 752 2323 stelin
796 2293 1007 2330 quanquam
1029 2280 1075 2317 de
1105 2280 1260 2318 diss‘ensu
1280 2293 1356 2318 non
1378 2283 1526 2324 laboro,
1564 2280 1613 2317 cf.

93 2330 241 2374 Lampr.
263 2341 297 2376 p.
312 2342 328 2374 ς
341 2343 349 2365 ι
364 2342 389 2371 ς.
408 2331 576 2377 ρνοιίιζςὶιι
598 2332 677 2366 eius
691 2331 834 2380 imperio
855 2343 893 2367 et
907 2341 992 2379 p.et
1006 2331 1105 2377 priv.
1125 2330 1329 2377 baccfalla
1343 2329 1428 2378 sunt
1441 2357 1451 2374 ,
1479 2330 1613 2368 crinita

92 2378 193 2414 stella
212 2381 445 2426 apparuit.—
468 2381 616 2416 coelum
638 2381 742 2427 aafit,
768 2392 806 2417 et
823 2380 1012 2429 repentina
1036 2380 1154 2428 caiigo
1177 2389 1212 2415 ee
1231 2381 1385 2416 tenebra
1409 2381 1446 2416 in
1465 2380 1613 2416 circo—

95 2428 221 2464 oborta
239 2439 336 2469 etc.,
363 2427 425 2465 scd
444 2428 540 2466 nihil
559 2428 606 2466 de
625 2428 747 2466 Nostri
774 2429 950 2475 reliquis,
978 2427 1115 2466 deinde
1139 2427 1401 2483 sequentibus.
1435 2431 1496 2466 ubi
1518 2430 1615 2467 iilud

93 2478 242 2524 imperio
260 2478 334 2513 eius
355 2477 403 2514 est
423 2487 486 2513 aut
502 2477 569 2515 abl.
583 2503 594 2520 ‚
619 2491 689 2525 pro
708 2478 770 2516 sub
790 2477 868 2514 eius
882 2479 1062 2525 imperio,
1090 2477 1170 2514 s.eo
1191 2490 1414 2526 imperante,
1440 2490 1505 2515 aut
1524 2481 1615 2523 dan,

93 2526 228 2575 proin
253 2526 333 2563 eius
362 2526 583 2574 imperium,
627 2528 672 2564 dc
694 2527 853 2575 imperio
883 2527 961 2564 eius
989 2526 1091 2563 brevi
1108 2526 1237 2563 futuro
1266 2538 1305 2563 et
1323 2541 1410 2565 mox
1430 2527 1614 2570 finiendo,

94 2575 197 2623 quod
219 2587 388 2612 cometae
411 2575 561 2623 quidem
582 2578 699 2623 putati
722 2576 806 2612 sunt
825 2576 962 2612 indicia
983 2576 1248 2624 imperantibus
1275 2576 1427 2614 infausta
1461 2589 1500 2614 et
1519 2591 1616 2615 mor-

93 2635 171 2661 tem
193 2636 323 2661 eorum
343 2624 654 2674 praesignificare,
685 2638 761 2674 quo
773 2625 906 2663 Noster
927 2625 1128 2673 respexerit
1147 2637 1302 2675 quoque
1315 2652 1326 2667 ,
1355 2627 1459 2664 cf.ad
1472 2627 1505 2676 §.
1518 2641 1552 2675 4.
1567 2640 1617 2664 m.

93 2686 129 2710 v.
147 2674 273 2722 πνςδς.
300 2685 338 2710 et
357 2675 460 2711 Suet.
474 2674 603 2712 Claud.
623 2675 761 2720 c.46.i.
782 2673 972 2724 praesagia
995 2674 1126 2713 mortis
1143 2675 1217 2711 eius
1237 2675 1434 2724 praecipua
1438 2677 1615 2725 fuerunt,

93 2734 246 2762 exortus
267 2724 427 2762 crimine
445 2723 589 2768 stenae,
620 2736 720 2774 quem
740 2736 914 2763 cometen
939 2734 1091 2769 vocant,
1129 2723 1218 2763 Ner.
1238 2737 1270 2762 c.
1285 2727 1382 2774 36.i.
1402 2737 1487 2763 cum
1506 2727 1557 2763 N.
1578 2737 1619 2763 et
