1798 3137
242 164 302 209 ‘vx
782 159 1206 207 PRAEFATIO.

238 270 315 320 nisi
335 270 553 319 interdum
573 272 617 319 in
630 272 800 318 ratione
811 268 1170 334 interpungendi,
1193 271 1237 314 it.
1255 268 1300 314 in
1320 258 1588 334 parenthesis
1605 270 1741 334 signis

240 341 521 395 omittendi3‚
554 341 625 386 vel
645 342 689 385 in
708 340 942 402 scripturae
962 336 1122 390 mod0‚
1154 337 1276 382 velut
1296 339 1341 382 in
1361 339 1533 384 voculis
1552 342 1741 401 iungen-

241 406 306 457 dis
323 406 422 472 πέξ,
455 405 509 469 γὲ
529 418 573 452 et
594 406 658 458 τὲ,
697 408 803 452 item
824 407 867 449 in
892 403 1170 458 accentibuS,
1202 403 1347 448 aliisve
1368 405 1500 452 rebus
1533 407 1746 465 leviculis,
1797 437 1798 444 κ

239 475 310 519 vel
333 474 533 536 denique,
568 474 644 520 ubi
665 475 708 518 in
724 472 864 518 verbis
885 488 934 516 ac
955 469 1148 516 leffione
1168 468 1472 519 constituenda
1489 474 1740 521 emendatio

239 538 344 587 esset
365 538 614 596 necessaria,
649 550 765 585 certa
794 550 925 600 atque
948 537 1188 599 perspicua.
1430 593 1435 595 p

370 612 584 670 Cumque,
610 616 782 670 praeter
803 605 914 650 hanc
932 604 1141 666 Stephani
1161 603 1415 661 editionem,
1449 605 1739 656 adhibuissem

1793 458 1798 602 l

233 685 409 722 veteres
437 675 528 720 fere
560 690 734 726 omnes,
779 689 888 733 quae
917 671 1174 734 prodierant
1198 683 1324 728 ante,
1360 691 1492 736 quam
1522 675 1574 721 ad
1605 675 1739 721 eden·
1796 695 1798 697 ’

235 741 344 788 dum
382 740 745 802 ti·a{³candiimque
775 739 1031 802 scriptorem
1070 739 1189 784 hunc
1221 738 1505 798 accedebam,
1555 744 1737 788 Aldinas

233 809 369 860 binas,
408 809 558 853 summi
581 806 745 852 moduli
766 823 898 851 unam
914 843 923 861 ,
959 817 1004 851 et
1023 805 1202 851 alteram
1225 805 1395 854 ottonis
1416 809 1600 864 editam,
1630 809 1738 856 Basi-

234 875 401 921 leenses
435 885 647 937 quatuor,
695 873 911 919 formulae
941 890 1043 919 cum
1075 870 1276 930 ottavae,
1316 886 1415 921 tum
1433 875 1736 932 duodecimae,

231 960 371 1006 porro
394 942 603 987 Friderici
624 940 844 1003 Sylburgii
865 942 998 993 illam,
1033 958 1143 1002 quae
1162 939 1351 987 habetur
1368 949 1413 988 in
1436 947 1571 990 tertio
1583 948 1738 990 Tomo

233 1013 461 1056 Romanae
481 1008 683 1054 historiae
704 1008 967 1072 scriptorum
995 1010 1246 1065 minorum,
1283 1025 1355 1064 ac,
1390 1022 1570 1073 praeter
1599 1015 1737 1058 Lova·

231 1078 451 1130 niensem,
489 1093 666 1139 quoque
695 1074 1052 1135 Ingolstadienses
1082 1075 1206 1131 duas,
1244 1078 1354 1122 item
1383 1077 1739 1137 Lugdunensem,

233 1153 334 1191 tum
365 1146 485 1189 Parci
520 1143 763 1206 dupiicem,
809 1144 1006 1189 Boecleri
1033 1141 1178 1198 binas,
1230 1145 1502 1191 oxonienses
1534 1145 1737 1199 totidem,
1781 1203 1783 1208 y

230 1213 475 1258 Patavinam
497 1222 543 1256 et
561 1211 939 1272 Edinburgensem
957 1228 967 1266 3
1002 1210 1058 1256 de
1086 1210 1241 1273 quibus
1264 1210 1470 1258 omnibus
1491 1211 1590 1258 alibi
1612 1213 1738 1275 plura

231 1277 459 1333 dicentur3
499 1277 697 1324 nondum
725 1295 750 1323 a
769 1296 841 1324 me
865 1286 1035 1325 coemta
1056 1279 1249 1325 editione
1274 1280 1370 1336 illa,
1414 1297 1526 1343 quae
1550 1279 1736 1326 Bafileae

231 1363 349 1392 anno
378 1354 497 1403 1782
521 1344 691 1392 ostonis
713 1346 896 1408 prodiit:
936 1363 986 1392 ex
1007 1346 1095 1403 his,
1138 1363 1242 1409 quas
1263 1346 1492 1401 tenebam,
1538 1347 1738 1393 editioni·

230 1411 315 1459 bus
336 1412 514 1477 apposui
534 1415 579 1458 in
601 1415 821 1460 Varietate
843 1412 1062 1460 Leffiionis
1086 1431 1177 1459 non
1199 1412 1489 1460 diversitatem
1518 1417 1563 1460 in
1591 1413 1736 1460 distin-

233 1480 415 1541 guendo
439 1498 639 1536 omnem,
674 1482 744 1527 sed
767 1482 905 1528 modo
924 1483 1230 1545 praecipuam,
1270 1492 1315 1527 et
1346 1499 1454 1540 quae
1482 1480 1651 1527 sensum
1678 1482 1736 1527 fa-

232 1559 355 1594 ceret
376 1549 523 1602 alium,
565 1566 614 1594 ac
636 1548 690 1594 de
717 1550 829 1595 vitiis
859 1565 1095 1612 operarum
1117 1551 1243 1595 etiam
1264 1550 1401 1595 modo
1431 1548 1644 1612 quaedam
1675 1552 1736 1594 in·

230 1615 363 1676 {ignia
378 1651 387 1669 ,
428 1626 472 1660 et
490 1615 688 1674 tandem,
724 1615 754 1662 si
776 1634 885 1681 quae
906 1615 1119 1664 leftiones
1136 1616 1197 1663 ibi
1215 1628 1524 1680 comparerent
1543 1619 1587 1662 in
1609 1633 1736 1663 voca·

229 1682 346 1729 bulis
375 1684 493 1728 aliae.

366 1749 449 1797 Sed
469 1752 657 1811 contigit
675 1761 927 1815 praeterea,
969 1762 1020 1797 ut
1037 1751 1308 1798 nanciscerer
1326 1751 1378 1797 ad
1398 1761 1567 1798 textum
1594 1753 1733 1798 Grae·

232 1834 336 1863 cum
376 1816 726 1866 constituendum
762 1831 809 1866 et
842 1820 1138 1866 adiuvandum
1168 1819 1354 1866 Codices
1384 1836 1518 1865 manu
1551 1820 1735 1882 scriptos

230 1896 336 1933 treS.
408 1887 577 1932 Primus
597 1885 657 1932 est
674 1889 882 1941 Bavarns,
918 1905 967 1932 ex
989 1886 1100 1932 urbe
1112 1887 1359 1933 Monachio
1383 1884 1528 1932 missus
1541 1885 1736 1932 Ratisbo-

230 1970 336 1998 nam
356 1952 408 1997 ad
430 1956 671 2000 Martinum
693 1959 746 2000 V.
767 1956 851 2010 CL,
883 1965 979 2001 tum
1001 1954 1081 2009 ibi,
1115 1953 1188 2000 sed
1207 1971 1328 2000 nunc
1349 1953 1517 2017 Lipsiae
1537 1953 1591 1999 ad
1610 1953 1734 1998 scho-
1757 1977 1759 1982 .

232 2018 320 2072 lam
338 2021 514 2066 Nicolai
536 2019 791 2077 Rettorem,
823 2024 1004 2082 egregie
1023 2022 1200 2087 prorsus
1222 2021 1276 2067 de
1295 2022 1452 2067 litteris
1471 2031 1736 2076 merentem,

232 2090 331 2147 qui,
365 2105 465 2133 cum
488 2089 697 2152 Stephani
717 2090 912 2136 editione
932 2091 1002 2136 illa
1023 2091 1237 2153 superiori
1259 2089 1470 2135 Codicem
1491 2087 1656 2133 summa
1679 2087 1736 2131 di-

231 2154 412 2213 ligentia
443 2156 699 2208 conferens,
736 2157 839 2203 inde
874 2157 1078 2222 praebuit
1095 2160 1308 2218 Excerpta
1338 2153 1593 2219 plenissima.
1663 2155 1753 2200 Al·¹

233 2223 370 2267 terius
396 2221 540 2268 Veneti
561 2240 584 2267 e
609 2223 875 2270 bibliotheca
895 2228 953 2271 St.
974 2227 1117 2271 Marci
1135 2224 1358 2288 quoddam
1379 2223 1623 2286 specimen,
1655 2220 1751 2285 pli-⁴¹

232 2287 334 2333 blici
359 2290 459 2333 iuris
481 2287 641 2336 fatium
662 2309 684 2336 a
700 2294 965 2354 Theupolo‚
1003 2293 1268 2356 descriptum
1290 2307 1466 2337 mecum
1487 2291 1736 2336 communi-

235 2359 348 2400 cavit
367 2355 518 2401 beatus
532 2357 719 2411 Ernesti,
754 2360 993 2419 theologus
1015 2359 1132 2424 apud
1155 2357 1352 2424 Lipsicos
1373 2375 1516 2420 nuper
1536 2359 1734 2404 eximius.

235 2422 368 2476 Quod
398 2424 614 2485 specimen
629 2441 729 2471 cum
756 2426 860 2472 esset
881 2427 1076 2473 brevius:
1111 2429 1200 2473 eius
1219 2427 1364 2473 verior
1384 2422 1536 2472 auster
1548 2426 1734 2480 Zanetti,
1794 2440 1795 2470 ι

233 2487 524 2534 bibliothecae
545 2488 606 2535 isti
619 2502 712 2538 tum
736 2493 980 2555 praefefius
1002 2507 1047 2540 et
1068 2497 1188 2541 vivus
1201 2494 1356 2546 adhuc,
1388 2511 1409 2539 a
1429 2509 1502 2539 me
1521 2490 1732 2538 adduffius
1794 2515 1795 2535 ;

235 2553 295 2600 est
316 2557 517 2601 mercede
540 2559 653 2603 haud
675 2576 824 2621 parva,
863 2571 913 2606 ut
933 2560 1174 2607 absolveret
1195 2579 1217 2608 a
1238 2562 1280 2608 se
1303 2572 1509 2624 coeptam
1537 2575 1730 2623 operam,

236 2636 366 2685 atque
380 2623 682 2671 Herodianum
705 2638 846 2673 totum
869 2627 920 2672 ad
933 2628 1115 2674 eandem
1130 2630 1339 2692 Stephani
1361 2628 1597 2674 editionem
1611 2637 1739 2672 com·'

234 2702 426 2754 pararet,
461 2691 593 2755 idque
616 2709 696 2758 per
717 2711 894 2760 operam
919 2694 1177 2745 benevolam
1195 2697 1488 2752 Lochmanni,
1521 2691 1724 2743 Professo-
