1798 3163
63 168 266 271 ‘LIBER
290 201 323 244 1.
357 199 580 252 cirum.
622 199 676 241 Α.
700 197 754 241 v.
780 172 828 240 ρ’.
860 206 981 251 933.
1016 194 1230 241 CHRN.
1264 159 1379 244 180.
1464 194 1524 252 65

451 318 465 337 t

16 313 106 389 ἔξω
158 316 409 383 mausz-oga
476 353 487 373 ,
570 310 756 377 iudam
791 315 957 362 tlscium
973 351 983 371 ‚
1025 317 1214 362 maxime
1242 314 1531 380 perturbabat

105 429 132 464 t)
156 426 296 459 Nullum
314 432 445 456 comma
466 421 521 452 hic
543 420 576 451 in
598 422 649 452 [ἲς.
675 430 704 453 ¹.
725 420 789 456 al..
814 431 847 451 v.
869 419 914 451 N.

17 515 180 562 capimus
200 527 267 562 pro
287 512 391 554 adv.,
416 510 479 547 ubi
499 510 651 558 proprie
669 508 803 557 ellipsis
823 508 874 546 est
895 521 948 556 pr.
968 510 1077 551 κατὰ,
1105 520 1146 545 ut
1165 506 1209 545 sit
1227 508 1306 545 καθ’
1326 506 1401 550 οἷκ,
1424 509 1527 556 quod

16 565 151 601 deinde
171 564 268 600 valet
287 575 354 610 pro
379 561 484 601 adv..
521 574 542 596 e
570 561 652 607 lege
681 557 964 606 praepositionis
993 571 1077 594 cum
1104 558 1261 593 nomine
1282 569 1528 605 quocunque,

16 625 58 651 ut
77 615 156 652 καθ’
177 611 222 654 ἃ,
248 611 274 648 s.
297 615 411 653 καθὰ,
442 610 483 646 it.
503 612 685 654 καθάπερ,
718 609 761 643 ab
784 606 867 644 Hes
890 619 1106 654 opportune
1125 617 1378 654 comparatum
1405 618 1529 648 antea,

18 661 62 698 ef.
83 663 125 700 L.
146 661 225 698 Bos.
248 661 314 698 En.
337 669 459 707 p.513.
480 659 518 695 in
541 658 618 705 syn.
645 653 715 699 „0²2,
735 677 774 686 --
790 656 871 694 μεθ’
890 653 926 696 ὁὶ,
954 663 1014 693 λ.“
1069 660 1145 694 Iam
1173 669 1284 704 porro
1304 654 1360 692 οῖκ
1380 655 1419 698 δὲ
1451 655 1530 703 post

17 710 190 760 punctum,
209 709 249 747 et
271 712 314 748 ab
332 707 416 745 init.
434 706 710 744 enuntiationis
730 705 951 753 periodique
963 719 1096 748 novae,
1125 718 1168 742 ut
1185 705 1258 747 hic,
1286 705 1451 741 similiter
1462 707 1527 754 Eg.
1560 713 1569 719 ⁷·

18 761 116 808 cepit
133 761 172 796 iu
195 760 283 796 suo.
322 758 496 795 ordinem
515 758 627 793 modo
648 757 864 796 invertens,
906 768 972 802 pro
1003 765 1042 791 ut
1070 756 1261 796 nimirum,
1296 753 1397 790 forte
1424 754 1529 802 quod

17 811 111 847 Latt.
135 809 382 857 elegantiores
410 808 502 844 illud
525 806 605 842 adv.
625 817 710 841 cum
730 806 799 841 rel.
818 804 895 853 syn.
909 830 919 846 ,
956 805 1095 854 scilicet
1113 817 1153 841 et
1170 813 1310 852 nempe,
1346 803 1528 840 libentius

19 861 54 896 in
84 860 209 895 fronte
233 868 404 906 ponunt,
444 869 555 904 quam
575 856 614 891 in
638 855 758 892 media
783 854 955 890 oratione
983 867 1068 891 cum
1090 867 1192 890 more
1216 854 1334 889 Vern.
1363 852 1529 900 linguae,

19 909 127 956 idque
145 919 250 948 tum,
284 907 348 943 ubi
377 904 634 953 praecedentia
665 904 848 951 explicare
867 902 990 938 solent
1013 917 1054 939 ac
1073 901 1342 943 demonstrare,
1376 914 1447 938 nec
1467 901 1530 937 illa

19 958 156 1005 semper
182 956 369 1004 proxima,
399 954 458 991 sed
483 965 522 991 et
544 953 732 990 interdum
758 953 868 998 paulo
899 952 1120 992 remotiora;
1160 963 1235 998 quo
1255 950 1360 987 sensu
1381 950 1420 993 δὴ
1443 963 1530 986 cum

20 1010 79 1055 ssg.
101 1007 260 1042 sumtum
281 1003 417 1041 referas
439 1016 516 1040 non
537 1004 583 1039 ad
599 1001 824 1039 sententiam
849 998 1103 1046 explicandam
1131 1010 1243 1047 atque
1274 999 1531 1036 demonstran-

20 1056 98 1092 :lam
119 1054 150 1100 ᾗ.
170 1068 243 1102 pr..
275 1054 337 1090 led
360 1053 405 1089 ad
426 1053 518 1089 illud
539 1052 570 1099 §.
594 1062 626 1098 3.
645 1050 670 1086 i.
693 1049 801 1091 δεόιῶς
819 1063 851 1086 Λ.
880 1050 1076 1086 remotius.
1133 1048 1334 1085 Enimvero
1363 1061 1449 1084 cum
1473 1048 1527 1091 δὲ,

21 1117 58 1141 ut
77 1104 161 1141 alibi
182 1103 422 1143 docebimus,
451 1102 555 1148 saepe
581 1109 743 1146 ponatur
763 1112 829 1146 pro
852 1100 929 1136 Lat.
953 1099 1069 1145 igitur
1085 1121 1096 1140 ,
1128 1097 1168 1133 in
1187 1096 1315 1145 primis
1336 1097 1415 1144 post
1434 1109 1530 1143 pun-

21 1153 110 1190 stum
133 1164 171 1189 et
190 1155 234 1189 ab
255 1152 337 1189 init.
363 1149 601 1197 periodorum
623 1161 733 1196 atque
755 1147 1077 1189 mundationum,
1107 1146 1221 1195 idque
1235 1146 1345 1183 etiam
1367 1147 1447 1193 post
1466 1159 1530 1194 pa·

21 1201 227 1242 renthesin,
253 1212 317 1236 aut
337 1199 416 1246 post
439 1198 649 1239 interie&a‚
678 1199 717 1233 iu
739 1197 863 1234 reditu
881 1198 923 1232 ad
947 1209 1025 1234 rem
1051 1196 1211 1244 priorem
1232 1208 1271 1232 et
1291 1194 1528 1244 propositam,

22 1262 56 1288 ,it
78 1249 193 1297 ipsum
212 1249 302 1286 illud
324 1250 400 1284 Lat.
420 1249 537 1297 igitur
551 1264 561 1282 .·
596 1247 769 1296 equidem
790 1245 828 1288 δὴ
849 1247 884 1282 h.
904 1246 928 1282 l.
948 1245 995 1282 fic
1018 1245 1171 1293 accipio,
1199 1245 1391 1293 reddoque
1409 1244 1461 1283 οἷα
1485 1245 1528 1288 ὂιὶ

23 1311 52 1335 it
73 1300 214 1348 igitur,
239 1298 296 1335 vel
312 1319 322 1336 »
358 1297 405 1333 de
428 1302 488 1345 Bg.
510 1297 663 1339 ordine,
691 1297 808 1345 igitur
828 1305 877 1331 ut.
927 1295 1080 1334 Scilicet
1103 1294 1254 1337 Noster,
1279 1297 1357 1342 post
1377 1295 1524 1331 senten-

22 1348 152 1396 tiam·§.
175 1361 250 1396 pr.,
286 1346 356 1384 ase
378 1346 573 1393 inspersam
597 1348 643 1384 de
662 1359 766 1382 more
786 1346 973 1382 bonorum
997 1345 1216 1391 scriptorum
1248 1356 1360 1392 atque
1382 1343 1528 1379 histori-

23 1411 139 1434 :orum
157 1423 167 1440 ‚
193 1397 257 1445 qui
279 1397 419 1445 ubique
439 1396 558 1433 causas
578 1409 697 1432 rerum
721 1396 949 1443 adiungunt,
984 1394 1160 1430 leftorem
1188 1406 1290 1430 nune
1310 1405 1459 1429 revocat
1480 1393 1529 1428 ad

24 1447 175 1495 'aperius
195 1446 325 1488 δεδιώς,
360 1456 398 1481 et
425 1447 468 1481 ad
488 1446 606 1493 ipsum
632 1446 818 1486 Marcum,
853 1456 928 1491 quo
957 1443 1003 1479 de
1026 1456 1064 1480 et
1090 1446 1136 1480 de
1161 1444 1265 1479 cuius
1284 1441 1527 1479 solicitudine

23 1496 135 1534 licere
163 1507 346 1542 coeperat.
409 1497 491 1532 Sive
524 1495 636 1543 igitur
667 1493 715 1530 fic
740 1493 957 1534 nobiscum,
992 1492 1066 1528 sive
1093 1505 1177 1529 cum
1196 1495 1260 1541 ΒΨ
1283 1493 1322 1535 δὴ
1344 1492 1524 1527 sumatur:

24 1559 94 1583 :um
114 1544 400 1592 interpretando
420 1545 522 1580 locus
545 1544 604 1580 hic
625 1543 743 1580 iuvari
762 1554 883 1591 queat,
911 1543 1001 1591 quid
1025 1553 1118 1588 opus
1140 1543 1190 1578 est
1204 1541 1496 1578 correffionibus
1510 1542 1528 1575 ἓ

24 1597 177 1640 Quarum
196 1599 275 1640 5tp.
299 1595 415 1641 prima
429 1593 481 1632 οἶα
504 1597 538 1631 δὲ
560 1594 682 1629 lenior
701 1593 853 1641 quidem
865 1592 913 1628 est
935 1592 1100 1634 caeteris,
1127 1591 1267 1628 habens
1285 1590 1445 1638 speciem
1461 1589 1530 1625 ali·

25 1657 121 1692 luam
144 1644 252 1685 inde,
278 1645 378 1691 quod
399 1648 433 1681 δὲ
451 1655 489 1679 et
509 1642 548 1686 3»)
568 1642 673 1688 saepe
694 1641 844 1679 confusa
870 1654 932 1678 aut
952 1641 1060 1683 sunt,
1092 1652 1154 1678 aut
1182 1651 1284 1676 certe
1313 1641 1529 1680 creduntur,

25 1694 75 1730 'ed
95 1706 174 1729 non
198 1693 247 1729 est
269 1691 483 1734 necessaria,
517 1691 601 1740 quia
623 1697 661 1734 δὴ
680 1691 775 1740 vulg.
804 1690 881 1727 edit
913 1690 1055 1727 sensum
1079 1691 1319 1726 commodum
1350 1690 1526 1737 aliquem.

26 1743 154 1780 )ebuit
173 1755 261 1777 vero
282 1745 361 1789 Stp.
385 1742 589 1789 explicare,
617 1741 813 1789 quomodo
832 1745 867 1777 δὲ
887 1740 990 1776 suum
1011 1739 1071 1774 hic
1087 1751 1245 1786 caperet.
1295 1738 1333 1774 Si
1348 1739 1528 1779 sumebat,

26 1803 54 1829 it
73 1791 254 1840 Lansecl,
283 1803 361 1827 non
382 1790 485 1827 sensu
506 1791 676 1838 proprio,
704 1802 778 1838 quo
801 1789 1031 1830 adversatur,
1068 1790 1128 1826 sed
1160 1789 1201 1824 in
1231 1800 1326 1824 nova
1347 1800 1388 1823 re
1407 1786 1529 1835 quali-

28 1853 180 1887 .unque‚
210 1851 252 1876 ut
270 1840 469 1876 continuet
488 1840 719 1875 orationem:
747 1851 959 1887 quanquam
983 1851 1048 1884 per
1069 1839 1104 1874 se
1123 1837 1364 1886 procedebat,
1385 1847 1528 1878 tamen,

11 1889 142 1940 ⁴rivitis
163 1887 278 1929 libris,
307 1902 385 1924 non
408 1888 541 1924 licebat
558 1899 714 1923 tentare.
771 1888 837 1923 Sin
860 1888 1047 1933 capiebat,
1083 1899 1126 1924 ut
1147 1888 1246 1923 idem
1267 1887 1344 1922 Latv
1361 1886 1446 1933 sed,
1484 1885 1537 1930 inv

10 1948 15 1975 ί
34 1936 135 1974 editu
153 1937 199 1972 ad
222 1936 426 1984 superiora:
462 1949 547 1972 cum
577 1940 614 1978 δὴ
641 1936 740 1982 vulg.
770 1936 868 1973 idem
890 1935 1128 1983 significaret,
1165 1936 1225 1971 vel
1244 1934 1291 1971 sic
1310 1933 1528 1971 emendatio

12 1999 14 2004 ·
37 1999 92 2023 rat
111 1985 245 2022 inanis.
298 1988 348 2022 At
366 1986 444 2032 Stp.
467 1986 613 2022 videtur
637 1984 682 2020 ad
702 1986 800 2021 suam
818 1985 1070 2021 coniecturam
1090 1985 1247 2027 venisse,
1271 1997 1312 2020 ut
1331 1985 1430 2027 alias,
1461 1997 1528 2030 per

43 2064 54 2075 .
72 2035 133 2071 hic
151 2035 311 2084 insuper,
346 2035 447 2082 quod
469 2033 609 2082 ceperit
632 2047 697 2080 pro
722 2045 920 2082 praeterea,
948 2046 1083 2081 porro,
1105 2033 1238 2076 etiam;
1264 2045 1340 2080 quo
1365 2033 1471 2068 sensu
1491 2036 1528 2070 δὲ

49 2084 318 2123 ne,adhibetur
344 2084 452 2126 alias,
493 2095 562 2119 nec
592 2083 642 2119 est
662 2085 705 2119 ab
726 2085 760 2118 h.
781 2084 802 2120 l.
823 2082 1006 2119 alienum:
1042 2094 1085 2119 ut
1111 2092 1236 2119 tamen
1256 2084 1300 2119 ad
1322 2081 1531 2118 emendan-

41 2145 102 2170 um
127 2146 205 2170 non
228 2132 381 2170 sufficiat
401 2131 595 2169 :infimitas
625 2133 737 2169 solius
761 2133 820 2173 l’..
860 2132 977 2169 libere
999 2131 1178 2168 versantis
1197 2144 1274 2168 tum
1297 2131 1409 2172 alibi,
1446 2143 1528 2168 tum

40 2183 95 2225 ic,
118 2181 169 2219 οἷκ
188 2182 379 2229 oppreffo;
405 2181 495 2219 licut
519 2182 597 2228 Stp.
617 2182 776 2218 omnino
797 2181 1008 2218 inconstans
1027 2181 1097 2224 est,
1126 2182 1258 2217 volens
1286 2190 1415 2216 contra
1435 2181 1526 2217 alibi

32 2239 50 2275 ἦ
73 2244 140 2279 pro
160 2236 215 2274 δὲ,
242 2244 276 2267 ν.
296 2231 340 2267 ad
365 2231 471 2268 Char.
490 2235 620 2278 p.46i.
641 2230 662 2266 s.
689 2243 723 2277 p.
746 2241 829 2277 459.
848 2245 894 2266 ni.
914 2231 959 2266 ad
983 2234 1089 2278 p.86.
1117 2243 1170 2275 17.
1196 2231 1357 2272 D'Orw,
1392 2229 1458 2277 qui
1485 2241 1527 2266 et

54 2281 88 2317 se
113 2280 210 2316 inter
227 2279 279 2317 οἶα
297 2285 332 2319 δὲ
349 2293 389 2317 et
403 2279 457 2318 οἶα
480 2283 517 2322 δὴ
538 2292 616 2317 non
640 2280 787 2316 videtur
808 2280 962 2317 statuere
984 2279 1201 2321 discrimen,
1238 2279 1323 2327 quia
1342 2284 1377 2316 δὲ
1397 2292 1464 2326 pro
1485 2283 1526 2321 δὴ

47 2330 137 2367 ttice
158 2330 264 2375 poffit
283 2329 424 2377 accipi,
452 2342 529 2378 quo
550 2329 596 2366 de
619 2330 715 2366 infra
741 2342 772 2371 ι,
796 2342 832 2374 9.
857 2344 910 2375 ¹4·
963 2329 1035 2364 Hic
1055 2331 1139 2366 Sch.
1167 2331 1247 2372 ’733³’
1275 2329 1526 2376 coniungitur

36 2389 52 2414 t
71 2391 152 2415 cum
177 2379 256 2415 aliis
278 2379 486 2424 particulis,
519 2377 574 2417 οἷα
592 2382 629 2422 δὴ
645 2403 654 2420 .
681 2378 843 2430 insuper,
869 2379 983 2425 (male
1003 2390 1024 2414 e
1045 2379 1101 2425 P.)
1123 2389 1278 2426 utpote.
1315 2379 1451 2419 veluti,
1479 2382 1524 2415 οἱ.

38 2433 80 2470 ἢ,
106 2428 241 2469 veluti,
275 2435 480 2476 tanquam.“

58 2478 260 2523 πολυέςοςα)
288 2479 484 2514 multarum
509 2490 630 2514 rerum
665 2476 848 2524 peritum,
887 2476 912 2512 s.
940 2478 1139 2515 multarum
1166 2475 1396 2513 historiarum
1431 2475 1527 2522 peri·

57 2539 115 2569 m,
150 2526 173 2562 12
204 2526 361 2563 multum
389 2528 426 2563 in
459 2526 607 2563 historia
635 2527 826 2564 versatum.
858 2527 974 2575 Steph.
1021 2527 1061 2564 in
1083 2540 1132 2563 m.
1159 2528 1222 2568 P„
1252 2526 1372 2563 sedin
1394 2526 1467 2568 Th.
1495 2538 1526 2567 ι,

41 2586 121 2622 113.
137 2576 218 2611 Ee.
244 2575 359 2611 modo
385 2575 613 2625 „multtsciua
642 2576 839 2622 multiplici
861 2576 1027 2612 dofirina
1047 2576 1246 2623 praeditus.
1287 2577 1371 2612 Hoc
1382 2585 1528 2623 cogno-

51 2635 140 2669 ento
156 2623 230 2661 fuit
249 2637 402 2662 ornatus
417 2625 567 2674 quidam
588 2625 811 2667 Alexander,
837 2625 924 2662 teste
943 2626 1064 2662 mins·
1091 2625 1167 2661 sine
1185 2624 1404 2661 austoritate
1415 2624 1525 2664 aden,

38 2685 122 2711 uam
141 2686 212 2710 nec
229 2686 299 2722 ego
323 2675 442 2721 reperi
466 2675 510 2710 de
531 2675 621 2721 pers.
643 2674 807 2722 quidem,
835 2672 895 2710 sed
917 2675 962 2710 de
984 2688 1021 2712 re
1041 2687 1097 2722 ap.
1117 2675 1238 2721 Orph.
1267 2677 1348 2712 h.6.
1375 2686 1451 2713 12.‚
1475 2671 1524 2708 cf.

53 2732 118 2770 per
142 2723 205 2764 isso
227 2725 307 2770 Stp.
337 2724 564 2773 cognomine
590 2725 692 2759 Fabr.
718 2726 753 2760 Β.
774 2725 839 2762 Gr.
859 2725 940 2759 loca
961 2724 1006 2759 V.
1029 2737 1083 2770 ¹4·
1114 2725 1192 2760 lnd.
1223 2736 1256 2758 v.
1279 2723 1385 2758 Alex.
1407 2723 1526 2758 Corn.

68 2772 114 2815 G.
137 2773 211 2809 Th.
235 2785 317 2809 cum
341 2774 407 2809 Gr.
428 2785 467 2809 n.
495 2772 729 2822 „polybq'slom
747 2792 784 2801 -
816 2773 1047 2815 multiscius,
1069 2784 1108 2810 et
1125 2776 1216 2812 Suet
1241 2773 1450 2808 Gramine.
1465 2783 1525 2807 20.

45 2812 119 2860 ofn-
139 2822 415 2867 Alexandrum,
443 2822 601 2862 Gramm.
621 2823 818 2864 Graecum,
846 2835 960 2872 quem,
987 2835 1142 2872 propter
1163 2822 1401 2871 antiquitatis
1422 2820 1527 2859 noti-

804 2882 844 2927 E
