1798 3163
615 124 785 168 LIBER
807 124 842 166 I.
873 123 998 167 CAP.
1022 122 1056 167 Ι.
1534 133 1558 163 2
1575 133 1594 164 1

99 240 181 288 τῶν
213 259 260 287 τε
295 241 343 302 ἐν,
366 239 418 307 τῇ
448 231 660 305 ἡμεδαπῇ
679 237 757 285 καὶ
787 237 827 284 ἐν
864 239 1009 288 nostra
1033 239 1211 296 ditione,
1235 255 1368 304 quam
1381 237 1499 304 apud
1509 239 1602 305 ple·

97 320 287 369 πολλοῖς
307 312 553 384 Ξαξζέέξοις
574 313 618 373 d,
663 313 745 377 γῆς
779 331 827 360 τε
859 317 1017 380 rosque
1069 316 1277 363 barbaros
1301 352 1313 372 ‚
1372 326 1602 379 terraeque

186 435 222 474 d)
248 440 343 478 Βιςβ.
360 436 401 468 sic
418 434 531 478 grandi
553 435 722 467 elemento
743 434 775 466 in
798 434 831 466 Β.
851 443 881 466 1.
900 435 962 470 R„
984 443 1018 465 et
1038 432 1078 465 si:
1097 442 1238 475 quoque
1260 432 1432 474 deinceps,
1458 441 1529 465 tum
1542 434 1600 467 hie

97 481 132 513 in
151 482 194 515 A.
214 482 258 515 al.
277 491 404 514 comma
417 504 428 519 ,
453 481 546 524 quod
564 480 686 513 rectum
706 480 858 512 dedimus
879 489 957 511 cum
974 481 1039 513 Με.
1051 480 1105 521 ssg.
1117 500 1127 516 ,
1151 489 1212 519 pro
1229 479 1307 510 colo
1325 477 1398 520 Stp.
1418 487 1453 510 et
1469 480 1531 512 rel.

98 579 325 619 verofimile:
359 581 492 619 Noster
509 593 589 619 non
609 580 706 619 tanti
726 579 912 628 putauerit
931 592 990 617 eas
1009 579 1304 616 commemorari.
1352 580 1413 616 An
1429 591 1486 626 ap.
1504 577 1603 616 alios

96 630 296 678 scriptores
326 631 455 668 talium
485 643 603 669 rerum
631 630 724 678 quid
751 630 905 666 allatum
934 629 1043 672 esset,
1075 628 1289 680 inquirendi
1309 640 1350 664 ac
1369 627 1600 677 congerendi

96 691 244 726 tempus
262 692 342 717 non
360 679 448 717 fuit.
501 682 580 728 Stp.
600 682 672 716 Th.
692 679 807 717 modo
828 678 867 714 in
883 677 940 715 ἑλ.
963 679 1041 715 Lat.
1061 680 1124 727 Bg.
1142 679 1179 724 (e
1194 677 1294 721 Sch.)
1312 677 1436 719 habet,
1462 690 1534 714 nec
1544 677 1601 714 lo-

97 741 141 764 ca
157 730 302 772 Thuc.,
328 743 362 766 v.
379 730 462 769 Ind.
480 730 659 767 Tolerem
682 729 745 766 hic
766 739 916 777 quoque
935 727 1133 766 notionem
1153 740 1223 776 pro
1246 726 1520 770 deuastatione,
1549 724 1601 763 cf.

96 776 182 815 Hes.
206 790 235 820 1,
256 783 338 822 256.
358 791 390 816 e·
417 776 563 821 ἅλωσιν,
587 799 626 811 -ν
650 779 830 826 πόρθησιν.

145 832 180 865 ἐν
196 845 228 864 τ.
251 827 325 872 ἦμ.)
351 828 438 865 Sub.
467 831 527 875 γῇ.
560 831 674 866 Oxon.
709 827 813 876 quod
840 839 880 864 et
897 826 956 864 Sb.
977 825 1059 864 Ind.
1084 839 1128 864 ex
1158 826 1193 862 h.
1216 826 1239 862 l.
1261 825 1430 874 supplet,
1456 835 1499 862 vt
1518 823 1604 862 Sch-

94 876 274 920 „subaudi
295 879 364 923 γῇ,
394 877 548 928 nostrate
569 878 747 927 regione“
775 889 842 925 pro
863 888 938 924 quo
954 887 993 913 et
1009 875 1182 924 procedit
1200 874 1321 923 χώρᾳ,
1352 886 1468 922 aeque
1487 874 1528 910 in
1549 885 1605 910 ta-

94 926 196 963 libus
216 925 285 962 adi.
304 925 391 963 fem.
411 927 641 974 oppressum,
678 938 712 962 v.
731 927 772 962 L.
794 926 872 962 Bos.
887 925 956 961 ΕΗ.
975 937 1010 972 p.
1023 929 1082 970 63.
1104 936 1136 959 e.
1164 934 1247 971 358.
1269 937 1353 960 cum
1376 924 1464 960 Krb.
1489 925 1601 959 Decr.

96 975 206 1012 Rom.
225 988 258 1022 p.
275 985 353 1022 32.,
378 978 473 1012 etin
493 976 596 1018 Lar„
621 989 654 1011 v.
677 988 707 1011 c.
726 975 885 1022 insieco,
909 975 1050 1010 Loesn.
1067 972 1157 1009 obs.
1176 986 1212 1021 p.
1227 985 1280 1018 5¹·
1298 986 1366 1015 m.‚
1402 986 1446 1008 ex
1463 972 1602 1023 hqllico,

97 1024 293 1061 Plin.Pan.
307 1036 366 1069 29,
392 1035 447 1071 3.‚
480 1025 527 1060 cf.
548 1027 594 1062 G.
614 1025 684 1061 Th.
699 1049 711 1066 ,
736 1023 778 1059 it.
799 1026 859 1065 61,
879 1032 912 1068 3.
932 1024 971 1058 in
992 1023 1107 1064 edito,
1136 1032 1175 1058 et
1193 1021 1227 1070 §.
1250 1034 1282 1066 7.
1298 1035 1347 1058 m.
1369 1023 1409 1057 in
1423 1022 1601 1069 proximo,

96 1072 146 1111 sc.
163 1073 255 1115 solo,
283 1084 382 1122 agro,
406 1073 508 1114 loco,
535 1072 582 1109 cf.
602 1073 736 1110 Lindn.
759 1072 876 1109 Vern.
897 1071 1002 1119 super
1019 1071 1182 1108 Lat.Ell.
1200 1080 1305 1119 p.85.
1325 1083 1358 1107 e.
1381 1080 1533 1117 13r.m.‚
1557 1070 1602 1107 in

96 1121 220 1159 Nostri
251 1123 321 1159 adi.
350 1134 428 1158 non
455 1123 672 1159 tenentibus
700 1121 854 1158 similem
878 1119 1023 1168 ellipsin
1045 1123 1123 1159 Lat.
1146 1131 1185 1157 et
1203 1122 1338 1161 Vern.,
1371 1122 1472 1157 vnde
1492 1119 1602 1156 subst-

94 1170 214 1206 statim
238 1170 364 1218 explet
388 1172 490 1207 Men.
509 1181 548 1208 et
567 1173 628 1221 Bg.
644 1196 656 1212 ‚
684 1171 789 1208 cuius
811 1171 890 1206 Lat.
908 1173 952 1208 ad
971 1170 1076 1207 subst.
1096 1181 1176 1206 non
1196 1169 1367 1219 agnoscit
1387 1170 1435 1206 G.
1454 1168 1530 1204 Th.
1551 1167 1601 1204 de

95 1230 187 1256 terra
207 1219 231 1256 s.
250 1219 427 1269 regione,
462 1219 523 1256 sed
549 1221 664 1257 modo
696 1221 742 1258 de
772 1219 951 1267 potestate
976 1231 1088 1268 atque
1105 1218 1289 1268 imperio,
1316 1217 1367 1255 cf.
1388 1220 1499 1258 Dem.
1521 1216 1601 1254 sine

93 1266 176 1305 Ind.
198 1269 310 1315 plane
329 1267 379 1305 {ic
399 1274 430 1307 ἓν
450 1287 485 1307 τ.
504 1269 560 1314 ἧμ.
580 1275 665 1313 629,
685 1282 743 1306 21.
772 1275 857 1317 631,
879 1281 912 1313 9.
931 1281 985 1305 11.
1006 1273 1090 1317 634,
1114 1280 1189 1314 15·»
1210 1279 1247 1305 at
1267 1267 1522 1316 pleneNoster
1536 1279 1602 1315 per

93 1317 172 1365 syn.
190 1317 391 1355 formulam
412 1324 443 1357 ἐν
461 1321 505 1366 ‘ri
525 1321 603 1357 καθ’
627 1319 716 1364 »ἱμίἱς
733 1321 781 1367 γῇ
806 1331 839 1361 2,
863 1331 918 1360 ιι,
941 1322 995 1355 16.
1010 1344 1020 1358 ,
1050 1317 1185 1366 quibus
1203 1319 1393 1368 augendus
1412 1316 1548 1355 L.Bos.
1566 1316 1597 1354 l.

92 1367 141 1409 Ι..
174 1377 254 1403 tum
275 1367 365 1405 Hes.
391 1380 424 1409 1,
450 1372 555 1414 1630.
575 1368 599 1404 i.
629 1369 800 1414 ἧμεδαπῆς
821 1377 886 1413 ’γῆς
901 1393 911 1408 s
939 1367 1103 1414 ἡμετέρας
1121 1382 1157 1413 γ.
1171 1393 1181 1410 ,
1207 1366 1284 1404 fine
1303 1369 1355 1403 N.

139 1420 172 1454 ἒν
188 1418 325 1464 roa-fi.)
351 1416 511 1454 Deserto
523 1418 584 1460 P„
610 1417 951 1474 reddit-Bg3perite
964 1417 1219 1465 praep.aliter,
1246 1418 1291 1454 ad
1312 1415 1470 1459 sensum,
1488 1427 1601 1464 quam

27 1469 35 1473 ’
91 1463 134 1502 in
152 1477 207 1514 pr.
220 1491 231 1508 ,
258 1477 300 1503 vt
318 1465 426 1514 saepe
442 1467 571 1504 eadem
592 1479 714 1515 praep.
735 1479 776 1504 m
797 1467 934 1503 vicinia
953 1480 1037 1504 cum
1059 1466 1210 1503 diuersis
1228 1465 1330 1503 subst.
1349 1464 1497 1502 diuerso
1517 1477 1602 1502 mo.

92 1516 144 1552 do
163 1513 326 1564 intelligi
347 1515 458 1554 debet
474 1528 515 1552 ac
537 1516 657 1559 reddi,
682 1530 717 1552 v.
736 1516 903 1563 exempla
920 1517 960 1553 in
979 1517 1061 1553 lnd.
1082 1516 1207 1552 nostro
1220 1514 1448 1564 persingulas
1460 1527 1604 1563 praep..

90 1568 184 1606 νεῶν
204 1576 273 1612 pro
293 1565 372 1601 Lat.
388 1568 450 1614 ng.
465 1565 656 1614 vsurpatur
675 1578 752 1603 non
774 1577 922 1603 tantum
941 1565 1018 1602 istis
1038 1565 1160 1602 modis
1181 1577 1238 1613 ap.
1252 1565 1421 1608 Stp.Th.
1438 1576 1469 1605 1,
1493 1575 1601 1602 1200.

91 1614 141 1651 D.
159 1625 207 1648 tn.
220 1634 232 1652 2
257 1613 320 1652 sed
341 1613 451 1651 etiam
471 1615 576 1657 aliis,
602 1627 644 1652 vt
662 1628 745 1652 curn
765 1628 869 1652 nom.
892 1616 1078 1656 locorum,
1104 1626 1181 1663 quo
1200 1613 1247 1652 de
1265 1614 1365 1656 alibi,
1391 1613 1603 1651 ethiccum

90 1674 196 1699 nom.
217 1663 310 1710 pers.
329 1674 370 1699 ac
389 1664 639 1713 populorum,
662 1665 723 1702 vbi
746 1676 898 1714 quoque
914 1664 1011 1702 valet
1033 1666 1113 1701 Lat.
1134 1664 1245 1706 inter,
1271 1662 1320 1700 cf.
1334 1663 1513 1704 L.N.T.,
1529 1674 1606 1700 no-

93 1711 262 1749 minatim
280 1712 370 1750 Krb.
402 1726 438 1761 p.
461 1725 543 1750 221.
561 1715 627 1752 Nr.
646 1726 674 1757 ς.
702 1725 760 1754 10.
786 1714 893 1752 Indd.
913 1713 1031 1750 Fisch.
1053 1713 1127 1749 Th.
1149 1711 1281 1750 Aesch.
1304 1723 1344 1749 et
1365 1712 1463 1755 Pal„
1495 1711 1538 1749 it.
1558 1709 1606 1749 Is.

92 1762 159 1797 Ev.
182 1773 219 1797 et
229 1762 270 1799 Z.
297 1763 389 1798 xen.
404 1764 491 1810 Cyr.
511 1763 617 1800 Bach.
639 1765 752 1802 Mem.
767 1766 825 1805 S..
852 1763 914 1800 vbi
933 1763 1068 1801 diserte
1084 1774 1235 1811 quoque
1257 1766 1289 1800 ἐν
1309 1769 1345 1809 β.
1359 1774 1443 1797 cum
1458 1764 1535 1810 ssg.,
1556 1760 1603 1798 it.

90 1808 135 1862 jn
156 1811 239 1846 Aer.
259 1811 303 1845 V.
323 1811 382 1852 h..
409 1823 446 1847 at
466 1811 566 1848 Veri]
588 1812 632 1848 ad
653 1823 775 1850 textus
794 1815 868 1851 οὐδὲ
891 1816 923 1852 ἐν
939 1818 974 1858 β.
998 1817 1098 1851 καλὰ.
1129 1826 1172 1848 ne
1192 1813 1233 1847 in
1252 1811 1428 1848 Barbaris
1446 1810 1603 1858 quidem

92 1859 244 1900 decora,
272 1858 452 1901 seuerius,
477 1872 499 1896 e
520 1862 595 1896 Lat.
618 1873 691 1908 que
711 1861 775 1898 vsu
795 1862 930 1904 etiam,
956 1873 998 1897 vt
1018 1863 1055 1898 in
1075 1863 1248 1903 Batauis,
1270 1860 1318 1900 cf,
1333 1861 1380 1897 G.
1392 1860 1468 1898 Th.
1490 1871 1601 1901 1021,

93 1910 153 1951 76.
178 1915 283 1949 1028,
305 1915 360 1952 89.
372 1907 448 1956 sqq.
483 1909 577 1944 Hor.
598 1910 701 1945 Tui-s.
724 1921 854 1956 {³419-
874 1911 942 1947 Nr.
957 1922 1037 1954 27„
1072 1909 1314 1957 opprimente
1332 1911 1370 1946 P.
1391 1909 1464 1945 adi.
1483 1920 1603 1950 rom..

92 1955 157 1993 sed
176 1957 237 2004 Bg.
261 1955 336 1992 fine
353 1956 562 1993 necestitate
582 1957 632 1994 ibi
655 1958 852 2000 liberiore,
879 1958 928 1994 cf.
951 1959 1033 1994 lnd.
1053 1959 1168 1996 Fisch.
1187 1959 1262 1995 Pal.
1285 1971 1370 1995 cum
1392 1958 1475 1995 Ael.
1494 1959 1541 1994 V.
1560 1958 1600 1993 h.

93 2014 130 2040 et
153 2006 232 2051 Stp.
252 2005 326 2042 Th.
357 2016 390 2052 3.
411 2015 494 2051 480.
518 2005 537 2041 i.
553 2030 564 2046 ‚
599 2007 660 2054 qui
692 2021 720 2048 ι,
742 2019 826 2051 720.
846 2009 894 2044 D.
916 2019 971 2049 e.‚
1007 2007 1084 2055 post
1114 2008 1376 2049 notationem,
1412 2009 1527 2046 modo
1551 2004 1603 2043 fic

90 2064 304 2097 „caeterum
323 2060 488 2101 βάρβαροι
509 2067 596 2103 opp.
610 2056 788 2094 Graecis“
811 2067 896 2093 cum
927 2056 973 2093 de
1001 2069 1044 2092 eo
1072 2057 1257 2093 vocabulo
1277 2069 1356 2093 non
1378 2056 1490 2092 liceat
1515 2055 1602 2092 vni-

91 2103 194 2140 verse
214 2102 301 2153 dici,
328 2102 390 2139 sed
411 2104 552 2151 semper
571 2117 592 2140 e
611 2115 788 2142 contextu
801 2130 811 2148 ,
834 2118 898 2149 vt,
925 2117 1010 2142 curn
1030 2118 1117 2154 opp.
1137 2106 1305 2148 Graecis,
1326 2104 1410 2144 fiat,
1437 2106 1598 2153 quicun-

91 2164 164 2200 que
183 2164 262 2188 non
283 2153 415 2190 Graeci
440 2153 607 2196 natione,
631 2167 662 2189 ν.
686 2156 776 2191 Krb.
795 2154 884 2191 Obs.
903 2158 1031 2204 p.268.
1053 2155 1102 2195 i..
1127 2166 1178 2197 et,
1201 2167 1286 2192 curn
1303 2154 1436 2195 sermo,
1463 2164 1506 2191 vt
1520 2153 1597 2196 hic.

94 2201 142 2237 de
168 2201 366 2243 Romanis,
398 2202 463 2249 qui
489 2215 569 2238 non
600 2203 684 2239 sunt
706 2204 888 2246 Romani,
934 2204 1048 2252 idque
1067 2202 1144 2241 fine
1165 2203 1237 2240 vlla
1257 2203 1508 2246 contumelia,
1547 2202 1596 2239 cf.

92 2251 180 2287 Krb.
201 2251 227 2289 l.
247 2251 271 2286 l.
300 2262 340 2287 et
360 2250 463 2287 lndd.
483 2252 597 2289 Corn.
618 2253 666 2289 N.
687 2254 783 2289 Flor.
803 2264 842 2290 et
861 2253 939 2290 Liv.
963 2253 1071 2295 Ern.,
1108 2253 1147 2290 it.
1177 2253 1226 2289 G.
1247 2253 1320 2289 Th.
1334 2278 1346 2295 ,
1372 2263 1416 2289 vt
1435 2252 1469 2288 h.
1497 2253 1522 2289 l.
1549 2251 1597 2289 de

92 2298 198 2336 bellis
217 2300 574 2350 externisintelligas
586 2301 797 2345 Britannos,
823 2304 1041 2345 Germanos,
1070 2302 1225 2339 Parthos
1245 2301 1436 2343 acPersas,
1462 2314 1495 2338 ν.
1509 2302 1598 2339 Exc.

92 2350 137 2385 ad
162 2360 193 2389 ι,
217 2361 248 2389 ι,
270 2360 300 2394 ς.
323 2362 395 2391 m.,
418 2362 544 2388 verum
566 2363 609 2387 ex
631 2351 689 2387 his
707 2361 831 2388 tamen
851 2364 929 2390 non
949 2364 1053 2388 certo
1075 2351 1231 2387 definire
1250 2350 1373 2394 aufim,
1399 2349 1597 2398 quipotis·

91 2397 217 2434 fimum
247 2398 468 2442 innuantur,
513 2412 750 2448 quorumque
777 2402 883 2439 vrbes
911 2412 1143 2449 expugnatae
1162 2399 1246 2437 fint.
1298 2402 1360 2438 De
1379 2401 1531 2438 Attenis
1555 2410 1597 2437 et

91 2446 236 2484 Parthis
254 2447 355 2484 forte
386 2448 476 2496 quid
496 2449 692 2498 colligatur
713 2463 756 2486 ex
782 2461 813 2497 3,
835 2464 868 2497 9.
883 2477 894 2492 ,
930 2451 1090 2487 maxime
1114 2449 1145 2499 §.
1168 2454 1203 2487 6.
1222 2449 1301 2499 sqq.
1322 2460 1362 2486 et
1386 2458 1439 2491 18.
1460 2449 1512 2497 sq.
1549 2451 1593 2486 it.

92 2510 130 2542 4·
154 2508 210 2539 Η,
235 2509 311 2538 ¹¹·‚
337 2497 381 2533 de
402 2497 515 2535 Perfis
533 2512 576 2535 ex
600 2503 633 2541 (ι,
660 2511 692 2544 5.
718 2511 772 2543 ¹7-
794 2510 832 2536 et
852 2500 898 2536 de
921 2501 1049 2537 Germ.
1071 2512 1116 2537 ex
1137 2511 1172 2543 7,
1191 2511 1226 2543 2.
1247 2504 1281 2536 6.
1304 2499 1382 2547 squ.
1439 2500 1496 2536 De
1516 2499 1595 2535 Bri·

89 2556 289 2583 tannorum
310 2546 461 2584 vrbibus
477 2547 573 2584 nihil
599 2561 655 2596 ap.
677 2548 851 2586 Nostrum
875 2559 908 2597 3.
931 2562 985 2595 ¹4·
1005 2549 1077 2599 sq..
1106 2560 1147 2586 vt
1166 2561 1237 2586 nec
1258 2548 1304 2586 de
1324 2550 1595 2591 Romanorum,

91 2593 158 2630 nili
180 2607 275 2644 quae
297 2595 338 2630 ad
359 2609 437 2633 πολ.
460 2597 514 2634 ᾰλ.
535 2609 623 2633 ante
641 2598 793 2645 protuli.

136 2654 200 2688 ’γῆς
218 2662 250 2682 τ.
275 2648 324 2688 c.)
352 2646 577 2693 Frequentes
608 2647 809 2684 admodum
839 2648 912 2684 hoc
937 2659 1105 2695 tempore
1133 2646 1289 2685 fuerunt
1316 2659 1432 2685 terrae
1452 2656 1592 2686 motus,

92 2692 142 2729 ita
164 2693 337 2742 quidem,
362 2705 403 2730 vt
424 2696 548 2732 multis
571 2696 608 2733 in
629 2697 723 2733 locis
737 2697 925 2738 homines,
948 2696 1044 2746 quali
1065 2708 1282 2745 portentum
1303 2709 1366 2734 eos
1387 2696 1594 2733 existiman·

91 2753 171 2787 tes,
196 2743 292 2782 haud
313 2744 548 2783 mediocriter
566 2748 891 2795 perturbarentur;
918 2757 959 2784 vt
977 2757 1080 2796 patet
1100 2759 1144 2783 cx
1164 2747 1308 2792 verbis,
1335 2746 1374 2784 in
1398 2760 1457 2796 ep.
1475 2748 1595 2783 Ante·
