1798 3137
204 152 350 202 'xvxxi
739 149 1176 197 PRAEFATIO.

342 259 443 310 Post
469 261 590 309 hunc
627 259 768 307 debeo
810 262 967 320 gratias
996 277 1169 324 agoque
1203 260 1409 325 plurimas
1439 260 1613 310 duobus
1644 264 1719 309 Vi-

207 335 269 382 ris
301 331 608 378 Celeberrimis
638 346 687 374 ac
705 326 985 379 Dostiffimis,
1030 327 1310 393 Lipsicaeque
1334 345 1436 375 cum
1455 329 1589 384 urbis,
1621 341 1721 379 tum

214 399 462 447 academiae
491 398 758 442 ornamentis
788 394 1044 460 splendidis,
1093 397 1292 442 Martino
1319 395 1500 460 quidem
1527 394 1720 455 Restori,

217 483 352 532 quem
383 465 508 529 saepe
539 479 870 516 commemoro,
916 460 989 508 sed
1010 462 1184 527 semper
1215 479 1316 509 cum
1354 464 1529 511 honore
1555 465 1720 526 praeci·

216 552 332 600 puo,
381 530 538 577 deinde
568 529 754 585 Beckio,
811 531 1081 575 Graecarum
1109 530 1356 577 litterarum
1384 528 1615 577 Profeffori
1655 532 1722 578 in·

218 598 587 662 telligentissimo,
640 596 713 643 sed
739 606 784 642 et
814 596 922 642 mihi
951 594 1202 644 amicissimo
1230 596 1332 643 inde
1356 615 1380 644 a
1410 598 1559 644 multis
1581 601 1721 656 annis,

220 685 414 734 quorum
445 677 632 727 uterque
657 679 834 726 operam
857 663 1037 725 quidem
1059 662 1201 718 dedit,
1233 674 1284 710 ut
1308 663 1578 728 bibliopolae
1595 665 1718 711 susci-

219 745 381 802 petent
407 733 574 780 sumtus
607 730 812 776 editionis
843 729 1033 785 futurae,
1082 730 1153 777 sed
1185 743 1358 778 tantum
1383 731 1550 779 Beckio
1581 733 1721 778 conti-

221 806 308 864 git,
358 811 408 847 ut
443 799 743 844 redemtorem
778 799 924 860 operis
963 799 1310 852 nancisceretur,
1360 815 1496 863 quem
1521 799 1722 846 Suicker-

219 882 342 924 tum,
394 869 440 913 in
477 866 554 912 suo
595 880 759 925 genere
802 867 885 910 iam
928 863 1264 911 celeberrimum
1305 875 1437 929 atque
1474 868 1754 927 egregium,‘

217 939 294 986 hic
323 933 464 981 statim
492 931 668 978 laudare
697 948 789 978 non
826 931 1051 978 obliviscar
1079 932 1138 979 ob
1167 932 1282 979 bene
1317 931 1560 980 institutum
1593 949 1721 997 opus,

219 1002 342 1069 quod
380 1017 464 1047 nec
502 1018 526 1046 a
553 999 695 1046 forma
732 1009 907 1045 externa
945 997 1261 1062 displiciturum
1300 996 1361 1044 est
1400 996 1637 1046 le&oribus
1675 1010 1722 1045 et
1796 1000 1798 1002 ’

222 1069 489 1124 emtoribus,
524 1064 598 1114 sed
625 1075 670 1111 et
699 1065 785 1111 sese
812 1065 1161 1129 approbaturum
1189 1068 1271 1123 ita,
1313 1064 1433 1130 quod
1452 1067 1497 1111 in
1518 1083 1609 1112 una
1629 1066 1721 1130 pla·
1787 1066 1798 1129 ᾗ

221 1139 326 1199 gula
352 1146 422 1182 tot
458 1152 526 1181 res
557 1135 795 1197 accipiant,
834 1149 917 1178 nec
943 1131 1247 1198 parsimoniam
1277 1144 1322 1180 et
1349 1134 1614 1196 paucitatem
1644 1132 1721 1179 do-
1784 1137 1798 1166 ÷'

218 1208 315 1254 lere
345 1213 562 1263 cogantur
600 1217 651 1246 ac
689 1202 833 1263 queri,
886 1200 1167 1264 conspicuam
1203 1201 1319 1246 illam
1358 1201 1457 1246 alias
1491 1201 1538 1246 in
1575 1197 1729 1246 charta*

219 1270 503 1337 quantumvis
533 1270 691 1327 longa-r
740 1271 792 1313 In
822 1285 910 1330 quo
939 1266 969 1313 si
990 1269 1062 1330 qui
1090 1266 1193 1323 sint,
1225 1270 1301 1330 qui
1318 1265 1370 1314 ab
1393 1268 1722 1314 elementorum

218 1340 437 1388 brevitate
467 1335 846 1397 formularumque
876 1334 1296 1399 typographicarum
1325 1336 1538 1381 tenuitate
1569 1333 1722 1380 oculo-

220 1423 325 1455 rum
353 1405 458 1451 aciei
496 1406 703 1449 timeant:
754 1403 784 1448 ii
816 1402 948 1466 paulo
978 1404 1172 1465 iniquius
1201 1402 1464 1449 redemtoris
1493 1399 1725 1448 consilium
1777 1397 1789 1416 ⁵

221 1471 461 1521 honestum
500 1480 819 1523 contemnunt,
871 1469 1146 1533 aliorumque
1180 1480 1405 1517 emt-orum
1441 1469 1721 1515 emolumen-

222 1552 324 1588 tum
356 1540 514 1591 maius,
560 1554 610 1583 ac
628 1536 726 1583 libri
747 1533 941 1599 pretium
960 1538 1088 1583 vilius
1112 1554 1205 1584 non
1226 1540 1442 1599 cogitant,
1476 1554 1580 1591 nec,
1615 1535 1721 1582 alios

223 1610 358 1656 etiam
391 1603 474 1652 esse
501 1605 659 1659 libros,
711 1621 823 1666 quos
862 1615 1004 1650 emtos
1039 1604 1306 1667 poffideant,
1359 1603 1513 1665 eadem
1550 1605 1723 1650 ratione

222 1674 389 1730 editos,
427 1689 621 1736 cumque
649 1670 775 1717 laude
802 1689 851 1717 ac
877 1673 1002 1718 lucro
1033 1671 1299 1728 divenditos,
1341 1689 1428 1718 nec
1454 1672 1500 1716 in
1529 1671 1618 1717 hoc
1647 1686 1724 1730 ge·
1770 1667 1779 1722 l

219 1759 329 1790 nere
358 1741 498 1788 curari
527 1737 652 1803 poffe
684 1755 733 1784 ac
752 1739 905 1803 respici
925 1738 1118 1799 singulos
1148 1756 1351 1803 quosque
1379 1741 1496 1784 viros
1525 1747 1597 1783 aut
1614 1753 1721 1801 pue·
1768 1732 1772 1782 ,⁴

219 1827 316 1864 ros,
359 1806 520 1872 quibus
541 1805 845 1870 providentes,
888 1807 1165 1870 spatiumque
1194 1807 1420 1861 luctaturi,
1457 1805 1589 1850 etiam
1619 1821 1723 1850 con-

219 1875 357 1923 tratta
384 1876 565 1921 nomina
593 1874 769 1937 propria
800 1875 999 1919 virorum
1028 1890 1078 1919 ac
1105 1873 1344 1925 librorum,
1394 1868 1625 1936 praemisso
1651 1874 1724 1917 In-

221 1944 318 1990 dice
349 1940 723 2005 compendiorum
751 1942 796 1985 in
823 1940 1070 1995 scribendo,
1100 1941 1400 2006 explicuimus.
1473 1941 1722 2007 Caeterum,

220 2012 433 2076 quoniam
464 2010 763 2070 longinquitas
802 2008 1006 2053 locorum
1034 2008 1158 2064 fecit,
1200 2017 1252 2053 ut
1273 2007 1361 2070 ipse
1392 2007 1614 2066 corrigere
1632 2006 1723 2069 pla·
1762 2015 1763 2018 ’

222 2079 347 2139 gulas
376 2076 563 2136 lingulas
591 2084 715 2130 ante,
758 2091 890 2137 quam
922 2075 1047 2139 prela
1077 2075 1271 2121 subirent
1296 2074 1471 2128 ultima,
1514 2070 1567 2117 ab
1594 2073 1722 2119 initio
1766 2091 1768 2101 ¹

217 2146 402 2208 nequire
417 2143 607 2190 viderer:
643 2140 815 2189 necesse
826 2141 1009 2196 fuit,}ut
1030 2152 1132 2188 ante
1153 2142 1319 2187 calcem
1335 2142 1411 2186 Gr.
1429 2140 1568 2186 Tomi
1586 2139 1720 2185 huius
1756 2154 1759 2185 3

221 2211 479 2259 subiicerem
504 2211 768 2276 Corrigenda
798 2219 842 2254 et
860 2208 1089 2261 Addenda,
1137 2208 1295 2273 quibus
1323 2223 1557 2255 monerem
1585 2204 1723 2253 lesto-
1754 2233 1757 2252 !

219 2297 317 2335 res,
355 2277 386 2323 fi
407 2278 510 2341 quid
530 2279 648 2323 iuter
670 2276 891 2323 edendum
909 2293 1000 2322 non
1022 2276 1142 2324 reE’ce
1157 2276 1344 2323 caderet.
1414 2273 1552 2328 Quod
1571 2284 1722 2321 tamen
1754 2291 1763 2325 ’ξ

219 2347 418 2412 pertinet
449 2346 635 2391 maxime
673 2344 725 2390 ad
751 2348 926 2408 quinque
964 2344 1161 2407 plagulas
1189 2348 1362 2403 primas.
1441 2345 1559 2388 Cum
1599 2343 1720 2388 enim
1750 2356 1762 2397 ,ξι

218 2432 245 2461 a
284 2413 397 2459 sexta
436 2412 538 2457 inde
576 2410 827 2472 corrigendi
868 2410 1114 2457 molestiam
1148 2409 1277 2457 simul
1308 2409 1397 2472 ipse
1435 2407 1761 2472 suscepiffem,12

217 2477 319 2595 post
350 2479 707 2525 emendationem
736 2480 946 2541 primam,
983 2476 1148 2541 Lipsiae
1177 2476 1436 2534 institutam,
1476 2473 1608 2522 miffis
1631 2475 1721 2522 huc
1748 2485 1758 2522 'l
1795 2498 1798 2526 ι

253 2548 407 2593 laviam
437 2546 646 2608 plagulis:
689 2548 850 2592 rariora
879 2545 1038 2591 deinde
1066 2547 1170 2592 vitia
1197 2561 1246 2591 ac
1271 2560 1410 2608 pauca
1436 2543 1608 2605 semper
1636 2559 1721 2607 pro
1744 2559 1757 2591 ef
1792 2559 1798 2596 1

215 2615 340 2662 mole
374 2614 608 2660 voluminis
645 2629 881 2676 rerumque
913 2611 1032 2678 spissa
1061 2614 1209 2676 copia,
1264 2610 1550 2658 offendentur
1586 2621 1719 2673 typo·
1743 2611 1757 2656 ·ἐ

217 2682 451 2747 graphica5
492 2697 581 2746 quo
602 2683 784 2729 nomine
806 2682 936 2728 etiam
955 2680 1248 2746 praedicanda
1271 2679 1343 2726 hic
1366 2675 1582 2726 Suickerti
1605 2679 1718 2726 eius·
1740 2694 1752 2735 ,ς
1786 2701 1796 2731 0
