1798 3163
148 161 320 207 LIBER
342 161 377 204 Ι.
410 159 535 204 CAP.
557 158 615 201 V.
656 158 710 200 A.
733 156 789 200 V.
814 155 1014 210 C.'933.
1048 155 1262 201 CHR.N.
1296 159 1411 205 180.
1473 163 1579 214 157

0 264 8 273 .
69 276 202 344 »ὑμῖν
235 270 325 339 ἐγὼ
358 276 397 323 ἐν
438 277 527 326 τοῖς
566 268 812 333 βασιλείοις
848 287 928 336 ego
995 269 1114 321 vobis
1180 271 1224 321 in
1293 270 1394 326 aula
1462 280 1585 323 natus

0 328 7 360 ¹
77 346 415 416 „dv-smvffimk·
460 346 535 396 καὶ
570 343 631 411 μῆ
663 366 812 414 maga-
834 346 938 419 sum
956 368 974 402 ;
1039 355 1079 396 et
1127 364 1210 396 non
1254 356 1472 416 expertum
1521 367 1585 400 me

162 481 199 521 k)
225 483 261 514 in
285 483 349 514 Ms.
369 480 422 512 Ba.
445 477 515 521 post
532 479 622 509 ἐπει.
646 474 758 508 saltem
778 485 908 507 comma
927 473 984 507 est.
1004 475 1112 509 Mart.
1138 474 1192 509 sed
1210 475 1243 507 in
1255 475 1393 508 Ms.Ve.
1409 477 1582 512 ἔπειυῆθηυ·

67 522 135 571 'pro
155 537 225 570 quo
247 526 348 564 colo,
383 524 485 557 etiam
504 522 538 554 in
558 522 636 555 edd.
654 522 736 559 tel„
769 524 928 562 punitum
947 521 1072 553 habent
1087 524 1128 554 A.
1151 520 1216 559 al..
1256 520 1311 555 sed
1329 531 1460 554 comma
1479 523 1514 554 Β.
1536 530 1585 562 1.,

66 580 102 606 v.
125 573 174 606 N.

65 670 246 709 facilior:
278 682 401 708 tamen
422 670 510 720 fing.
525 671 701 720 vulgatus
719 669 831 706 habet
847 668 1058 705 orationem
1078 667 1278 706 laeviorem
1298 680 1317 706 a
1336 669 1441 708 nulio
1461 670 1585 714 hiatu.

67 732 112 758 et
131 721 334 758 suaviorem
353 734 373 758 a
394 719 488 757 sono
504 733 583 757 non
603 720 707 756 iimili
721 721 759 756 in
783 735 812 755 οι
829 730 869 753 et
885 735 904 761 η
926 718 1113 767 sequentis
1128 718 1244 759 vocis,
1267 719 1586 758 cohaerensidem

74 771 171 807 bene
190 783 271 806 cum
294 783 348 818 pr.
370 775 500 813 ἐπεισκ,
534 770 557 806 si
576 771 615 805 in
635 767 840 820 parenthefi
861 768 978 804 sumas
1002 768 1064 804 illa
1085 773 1171 806 ὡσπ.
1190 774 1221 805 οἱ
1239 786 1278 807 π.
1297 773 1347 811 ἐ.,
1380 769 1421 806 in
1442 770 1585 818 primis,

72 831 158 856 cum
179 833 219 856 ea
240 821 400 857 habeant
420 821 531 867 plane
553 819 690 856 nullam
713 819 916 854 rechonem
936 830 1018 854 cum
1040 830 1118 865 pn,
1153 831 1247 866 quae
1261 817 1478 867 flagitabant
1494 833 1586 862 acc..
1613 823 1615 826 ’

69 868 190 916 ὅσπερ
207 868 287 910 τούς
304 887 338 907 π.
359 874 386 906 ἐ.
401 894 411 911 ,
446 869 508 917 qui
529 881 602 904 acc.
623 880 660 904 et
675 868 714 904 in
740 869 818 904 Lat.
845 867 1097 914 supplendus,
1138 879 1179 903 ut
1195 881 1285 910 eos,
1318 869 1382 917 qui
1410 880 1495 906 ante
1524 882 1585 907 me

64 920 227 969 fuerunt
241 944 250 959 ,
288 918 349 955 ubi
369 918 453 954 Sch.
474 917 514 954 in
544 917 588 960 „5
606 931 687 953 cum
710 930 832 964 praep.
851 937 890 946 --
910 915 1137 965 anteceffires
1156 917 1254 953 φεῦ·
1285 917 1348 953 sed
1365 918 1404 954 in
1421 935 1484 966 πρ.
1499 932 1586 956 cum

71 968 114 1007 P.
129 994 139 1010 ‚
166 967 267 1004 unde
287 971 345 1017 ΒΞ.
370 979 523 1016 quoque
540 968 685 1015 supplet
706 964 876 1013 particip.
899 965 1076 1012 aliquod,
1115 962 1227 1008 ὄντες,
1250 963 1456 1012 γεγονότες,
1489 964 1588 1014 γενέ-

73 1033 185 1063 μενοι,
209 1012 396 1062 γινόμενοι,
422 1018 529 1063 quale
550 1015 738 1052 omittitur
756 1015 793 1050 in
814 1015 882 1049 hac
900 1014 1062 1050 formula
1083 1014 1195 1050 etiam
1215 1016 1260 1051 ab
1283 1016 1363 1052 aliis
1377 1042 1386 1056 ‚
1421 1028 1464 1053 ut
1484 1019 1585 1056 Plut.

75 1068 164 1115 Krg.
186 1067 219 1108 δ.
241 1077 322 1112 232.
350 1063 387 1102 εὖ
401 1071 471 1112 *γὰρ
490 1065 618 1110 efesina
640 1064 694 1107 καί
713 1068 783 1105 τοῖς
800 1064 864 1108 πρὸ
884 1063 993 1107 ὁμοῖν,
1032 1063 1147 1099 immo
1166 1063 1267 1109 ιῖμῶν,
1292 1064 1339 1101 cf.
1357 1067 1455 1102 Piut.
1468 1067 1534 1103 Hs.
1549 1077 1584 1114 3,

65 1127 134 1156 Ἰ..
162 1109 223 1151 ubi
247 1115 295 1151 cs.
319 1115 394 1151 lnd.
419 1127 451 1150 v.
472 1113 494 1152 ὅ
511 1116 579 1151 Nr.
596 1125 652 1157 5..
694 1125 903 1160 quanquam
927 1112 1012 1148 alias
1035 1113 1125 1149 iliud
1154 1113 1239 1158 ὑμῶν
1259 1114 1478 1158 adhibetur,
1514 1129 1585 1164 pro

72 1175 276 1204 contextu.
310 1175 353 1200 ut
370 1164 409 1200 in
429 1164 477 1200 N.
498 1164 542 1199 T.
565 1163 704 1200 Matth.
731 1173 763 1204 ς,
788 1175 843 1198 12.
857 1187 868 1203 ,
894 1175 929 1198 v.
950 1163 1091 1199 L.Krb.
1111 1175 1145 1198 ν.
1163 1163 1228 1209 orez?
1247 1164 1294 1206 i.,
1321 1164 1582 1203 cf.eDiod.S.

73 1226 108 1255 ι,
127 1225 188 1259 7ς.
209 1213 232 1248 Ι.
247 1225 301 1253 27-
321 1213 423 1261 supra
448 1227 478 1253 1,
497 1227 532 1258 4,
557 1225 612 1248 11.
632 1225 678 1248 m.
702 1212 746 1247 ad
768 1215 848 1249 ποθ.
863 1237 874 1253 ,
907 1223 952 1248 ut
972 1222 1103 1248 contra
1122 1212 1216 1248 infra
1241 1225 1271 1253 ι,
1295 1226 1352 1257 17,
1374 1219 1494 1251 26.m.
1515 1223 1582 1254 rav

65 1262 139 1309 ugo*
157 1261 262 1299 αὗτοδ
281 1268 462 1306 γευομένων
483 1268 650 1308 βασιλέων
663 1286 674 1302 ,
698 1261 826 1298 addito
853 1261 1022 1308 particip.
1037 1285 1047 1302 ‚
1079 1263 1180 1308 quod
1200 1262 1261 1298 hic
1281 1264 1414 1300 Noster
1433 1265 1586 1312 oppres-

66 1312 157 1350 serit
177 1311 221 1347 de
237 1311 411 1347 industria
430 1313 479 1347 ob
501 1312 707 1358 proximum
727 1311 826 1347 aliud
845 1327 938 1355 σεμν.
951 1335 962 1352 ,
989 1314 1025 1355 (a
1044 1324 1104 1347 me
1121 1324 1201 1347 non
1223 1312 1499 1353 sustentandum
1515 1326 1582 1361 per

63 1360 168 1399 'iliam
187 1360 348 1403 causam,
376 1359 462 1408 quia
483 1360 533 1397 est
553 1360 592 1397 in
612 1359 726 1410 praes.
751 1374 945 1407 tempore,
983 1372 1065 1397 cum
1096 1361 1169 1395 hoc
1187 1361 1292 1410 saepe
1320 1374 1483 1411 ponatur
1509 1377 1580 1411 pro

69 1410 181 1460 perf.)
200 1409 234 1446 h.
258 1411 282 1446 Ι.
304 1410 342 1445 in
361 1410 460 1445 med.
481 1421 520 1446 et
541 1409 581 1445 in
598 1411 725 1446 malam
748 1422 909 1457 partem,
941 1422 1008 1457 pro
1028 1409 1159 1446 efferre
1181 1410 1215 1447 se
1229 1435 1239 1452 ,
1276 1411 1488 1460 superbire,
1525 1425 1583 1450 ar-

61 1471 264 1508 ‘rogantem
277 1460 348 1496 effe
366 1459 415 1495 ob
438 1459 578 1507 aliquid
591 1484 602 1502 ‚
626 1471 665 1496 et
677 1472 849 1508 magnum
865 1459 956 1507 quid
973 1472 1103 1507 putare
1122 1459 1235 1508 seque
1254 1461 1373 1510 ipsum
1386 1475 1584 1510 propterea

61 1521 155 1547 'eum
177 1520 374 1546 contemtu
393 1508 574 1549 aliorum,
602 1509 760 1546 maxime
783 1509 945 1550 civium,
984 1508 1028 1544 cf.
1051 1509 1218 1546 absolute
1236 1510 1259 1545 s.
1283 1524 1367 1548 cum
1388 1525 1440 1560 pr.
1460 1517 1512 1556 ἐν,
1538 1512 1584 1549 it.

39 1559 43 1562 ’
66 1563 121 1597 ἐπὶ
146 1558 231 1595 Bud.
251 1560 292 1596 C.
316 1571 422 1602 1127,
443 1569 475 1606 3.
503 1560 582 1606 Stp.
601 1559 674 1594 Th.
694 1571 777 1596 cum
792 1561 855 1607 Bg.
873 1560 954 1595 Lat.
977 1559 1128 1594 aliunde
1142 1584 1152 1597 .
1179 1560 1218 1595 L.
1238 1561 1343 1597 N.T.
1359 1563 1580 1599 Schw.1nd.

59 1608 112 1645 Ἠ.
134 1609 198 1644 Or.
221 1610 300 1653 V.4
332 1609 441 1645 Dem.
474 1608 548 1652 (cui
569 1608 653 1644 add.
678 1619 760 1655 3¹²»
782 1618 836 1648 18.
861 1619 943 1656 313,
965 1611 1038 1654 20.)
1057 1608 1100 1656 16
1119 1610 1206 1649 hv„
1240 1611 1320 1646 Ael.
1337 1611 1385 1646 .V.
1404 1612 1442 1647 h.
1465 1611 1581 1658 Epist.

61 1659 122 1695 Ἠ.
143 1658 226 1694 Fab.
248 1657 328 1705 Aes.
350 1658 413 1695 Hs.
435 1658 552 1694 Diod.
574 1660 611 1695 S.
631 1659 707 1705 (cui
728 1658 809 1695 add.
835 1673 868 1699 ε,
889 1668 947 1698 28.
972 1659 1081 1704 L91.)
1103 1661 1168 1695 (is.
1193 1660 1299 1701 Chr„
1327 1673 1409 1697 cum
1432 1660 1505 1698 dat.
1525 1659 1582 1697 rei

63 1708 167 1749 solo,
205 1719 247 1743 ut
267 1707 349 1748 h-ic,
383 1708 476 1743 xen.
499 1707 606 1744 Bach.
625 1707 668 1745 Z.
689 1720 771 1744 cum
793 1709 904 1745 Dem.
928 1711 1012 1749 262,
1036 1720 1088 1744 12.
1112 1718 1194 1754 313,
1212 1721 1272 1753 7.‚
1311 1709 1350 1748 in
1379 1724 1456 1759 quo
1479 1711 1584 1748 forte

67 1755 206 1803 enipfis
231 1756 281 1791 est
307 1755 462 1792 alicuius
492 1769 612 1805 praep.
637 1759 683 1794 de
706 1758 811 1803 supra
832 1758 1031 1796 adiunch's,
1072 1758 1174 1794 Suid.
1198 1769 1231 1806 3,
1251 1770 1332 1804 299.
1354 1774 1403 1798 m.
1435 1760 1522 1797 Hes.
1543 1773 1581 1802 ε.

69 1817 175 1848 1¹70·
195 1805 218 1841 i.
238 1817 322 1840 cum
343 1806 651 1842 N.et1nd.1<ust.
671 1807 776 1844 Arist.
806 1809 864 1842 De
880 1820 920 1844 re
939 1806 1027 1853 ipsa,
1054 1820 1138 1844 cum
1151 1810 1435 1858 arroganterhic
1452 1820 1490 1846 et
1501 1810 1580 1858 sqq.

68 1855 303 1891 Commodus
325 1854 431 1889 iaaac
452 1866 568 1902 genus
589 1854 692 1890 suum
714 1867 754 1891 et
774 1856 1032 1896 nativitatem,
1059 1869 1171 1904 quam
1192 1857 1370 1901 inaniter,
1392 1873 1472 1896 non
1500 1869 1582 1896 tan-

67 1904 173 1953 gam,
210 1902 258 1939 cf.
277 1915 308 1945 5,
334 1916 365 1942 ι,
389 1915 444 1938 11.
471 1904 544 1950 sq.,
578 1904 642 1940 ubi
670 1904 745 1950 ipse
775 1916 858 1940 cum
889 1905 948 1940 sua
968 1906 1170 1942 nobilitate
1196 1907 1349 1944 ridetur.
1406 1911 1477 1946 Sed
1505 1911 1582 1946 hoc

65 1951 193 2001 potius
216 1962 410 1999 quaeratur
430 1951 550 1991 forte.
585 1965 680 2001 quos
713 1953 861 1999 proprie
879 1954 1182 2002 nominatimque
1211 1957 1396 2004 principes
1425 1971 1513 1995 ante
1542 1958 1581 1996 se

64 2001 310 2038 contemserit
330 2001 365 2037 h.
387 2002 410 2036 Ι.
433 2014 518 2049 prae
538 2001 585 2038 se.
638 2002 818 2050 Equidem
841 2003 964 2039 nescio
985 2003 1082 2046 sane,
1109 2005 1149 2040 in
1161 2017 1256 2052 quos
1275 2008 1479 2045 conveniat
1493 2009 1581 2050 hoc,

62 2050 170 2100 quod
184 2050 288 2090 dicit,
301 2050 476 2097 gloriatos
487 2049 555 2087 effe
568 2063 609 2087 ac
622 2050 833 2099 superbiisse
842 2053 1026 2100 dignitate
1036 2052 1272 2099 imperatoris
1285 2057 1493 2104 peregrina,
1508 2070 1581 2096 nec

94 2099 388 2138 exhereditatem
406 2113 566 2146 accepta.
619 2102 715 2138 Illud
731 2102 845 2138 modo
859 2103 1011 2137 memini
1027 2127 1037 2143 .
1062 2104 1125 2151 qui
1147 2105 1316 2140 nonnnti
1337 2106 1582 2152 imperatores

59 2113 174 2188 Rom.
191 2160 278 2185 ante
295 2162 380 2186 eum
402 2149 568 2192 suerint,
600 2163 638 2188 et
659 2151 855 2198 imperium
878 2151 1093 2194 tenuerint,
1121 2166 1197 2189 non
1219 2166 1238 2189 a
1258 2166 1359 2192 patre
1377 2155 1582 2204 imperato-

58 2211 106 2236 τε
125 2198 185 2236 fibi
210 2199 398 2235 traditum.
450 2201 544 2235 Nam
566 2210 722 2247 patrem,
747 2201 982 2249 imperatoria
1005 2201 1042 2237 in
1062 2203 1247 2251 dignitate
1269 2206 1463 2249 versatum,
1487 2207 1581 2244 inde

65 2249 112 2284 ab
133 2247 296 2297 Augusto
317 2247 431 2286 secuti
452 2249 539 2286 sunt
557 2259 700 2286 tantum
723 2250 836 2287 Titus
857 2263 895 2287 et
914 2251 1174 2294 Domitianus,
1208 2253 1257 2290 cf.
1276 2255 1400 2302 Heyn.
1425 2256 1521 2293 Hist.
1541 2271 1580 2303 4,

70 2309 174 2334 που.
198 2311 266 2338 m.,
301 2309 512 2345 quanquam
534 2299 588 2334 iili
614 2300 683 2335 iam
704 2311 810 2335 antea
833 2301 936 2341 nati,
975 2313 1084 2348 quam
1111 2302 1350 2350 Vespasianus
1377 2316 1480 2353 pater
1506 2308 1579 2344 im-

61 2358 213 2395 perator
233 2346 346 2384 faetus
365 2347 470 2390 effet3
505 2360 548 2384 ut
566 2361 697 2397 magna
718 2348 761 2386 fit
780 2351 981 2387 Commodi
1013 2351 1049 2386 in
1073 2352 1147 2386 hoc
1167 2364 1360 2391 contemtu
1380 2356 1580 2402 impuden-

61 2397 114 2432 tia
137 2395 446 2444 atqueimpietas,
469 2410 608 2444 patrem
631 2399 722 2434 adeo
745 2399 885 2447 ipsum,
913 2400 1149 2436 Antoninum
1169 2402 1258 2438 item
1271 2404 1381 2443 Pium
1400 2408 1581 2444 etTraia.

60 2457 154 2483 num
176 2445 277 2482 fimul
296 2447 480 2493 carpentis
493 2461 533 2484 ac
546 2448 763 2489 deridentis,
791 2462 884 2497 quos
896 2462 935 2486 et
947 2451 1043 2496 ipios
1057 2452 1198 2488 constat
1209 2453 1406 2502 imperium
1419 2456 1579 2507 adeptos

60 2493 291 2543 aefcieuqrou,
318 2508 357 2532 et
376 2496 489 2532 modo
509 2510 574 2544 per
590 2497 846 2542 adoptionem.

55 2549 61 2554 '
108 2549 227 2589 axa.)
251 2545 401 2582 i’effimc
422 2546 515 2582 Cod.
535 2551 625 2585 ἐπεκ.
647 2549 781 2584 Stroth.
823 2548 939 2585 Etiam
962 2550 1048 2587 alibi
1073 2565 1125 2598 pr.
1149 2550 1220 2590 ἃπδ
1239 2563 1278 2590 et
1295 2559 1350 2593 ἐπὶ
1371 2558 1518 2596 variant
1537 2574 1580 2599 ιο

59 2594 352 2680 Bermiscentun
387 2608 421 2633 ν.
440 2596 519 2632 Ind.
541 2597 698 2634 Herodt.
728 2611 760 2635 ν.
780 2603 813 2636 ἃ.
837 2613 868 2636 e.
899 2600 1015 2636 Fisch.
1044 2601 1089 2637 ad
1109 2603 1222 2638 well.
1247 2617 1282 2650 p.
1304 2616 1387 2652 355.
1408 2623 1454 2644 m.
1485 2612 1576 2649 ΚΛ),

56 2655 59 2658 ·
102 2656 174 2681 ecr.
196 2645 284 2682 Ath.
316 2657 352 2692 p.
375 2646 424 2681 H.
444 2655 575 2693 p.324.
598 2660 669 2688 m..
704 2659 744 2684 et
774 2647 963 2685 interdum
990 2649 1066 2687 fine
1093 2651 1325 2700 discrimine,
1351 2669 1392 2694 ut
1413 2659 1583 2698 difficilis

53 2693 169 2741 'optio
192 2693 235 2732 fit
254 2706 296 2729 ac
318 2693 492 2738 censura,
527 2708 561 2731 ν.
578 2695 694 2734 Fisch.
714 2697 803 2734 Piat.
827 2699 958 2735 Phaed.
992 2714 1026 2747 p.
1046 2713 1098 2746 57.
1121 2703 1171 2740 N.
1193 2713 1250 2749 3.,
1283 2705 1346 2740 hic
1373 2718 1499 2746 tamen
1530 2722 1577 2748 ut

55 2741 178 2782 fuerit
196 2743 333 2780 librarii
354 2744 473 2791 lapsus
487 2770 497 2785 ,
525 2757 609 2782 cum
630 2757 670 2783 et
688 2748 754 2784 rel.
776 2749 866 2784 Mss.
887 2760 1043 2787 teneant
1061 2752 1157 2801 vulg.
1173 2776 1183 2792 ‚
1211 2764 1248 2790 ct
1262 2767 1330 2801 pro
1351 2770 1397 2793 eo
1415 2770 1497 2798 non
1518 2773 1576 2796 re-

54 2793 214 2841 pererim
239 2797 348 2837 imm,
380 2791 446 2834 [ed
473 2804 623 2838 tantum
648 2796 715 2836 suu
742 2796 870 2844 sensu,
916 2812 950 2839 v.
971 2800 1052 2849 Stp.
1069 2801 1143 2841 Th.
1159 2801 1314 2857 Ruit-e.
1332 2819 1427 2860 4274,
1453 2824 1507 2859 ¹7·
1535 2823 1579 2850 ei:
