1772 3158
132 146 234 203 672
275 146 444 212 LIBER
462 146 496 190 Ι.
542 145 666 191 CAP.
690 145 786 191 XV.
820 145 876 192 A.
900 144 958 190 V.
982 144 1030 190 C.
1049 155 1170 201 945.
1205 146 1343 192 CHR.
1369 149 1432 194 N.
1448 161 1473 198 ,ι
1489 161 1573 204 92.

127 260 408 325 ἀγάλματος
458 259 743 309 nomm-calon
764 297 774 316 ‚
837 255 859 305 ὅ
895 262 956 309 illi
986 262 1215 311 simulacro
1245 263 1430 314 coloffeo
1449 303 1460 324 ‚
1508 267 1628 330 quod

125 356 208 405 «γι-εξ
238 335 422 392 σέβουσι
453 336 672 401 Ῥωμαῖαι,
720 331 861 381 εἰκόνα
896 341 1104 386 Romanis
1138 340 1384 388 venerabile
1407 341 1490 398 est,
1530 341 1627 389 solis

128 459 268 494 dicatus
283 452 413 504 suerat
427 482 437 500 ‚
459 455 525 493 soli
547 451 778 504 consecravit,
805 453 894 491 teste
914 455 1110 501 Spartiano
1130 455 1169 493 in
1193 457 1305 493 Hadr.
1335 469 1411 500 ιε),
1443 470 1557 506 quem
1574 470 1629 493 er-

126 507 221 543 roris
241 508 288 543 ob
310 507 348 544 id
363 506 500 541 arceffit
521 505 617 546 Cas„
654 517 671 539 a
692 502 911 550 Vespasiano
938 504 1007 541 iam
1039 504 1193 547 t‘aPcum,
1221 506 1322 554 quod
1354 506 1546 542 Hadriano
1574 505 1628 542 ibi

128 556 318 597 tribuitur,
348 554 594 591 contendens.
646 552 825 601 Equidem
841 552 951 599 Xiph.
972 556 1024 597 (S.
1039 565 1119 600 322,
1139 559 1210 596 16.)
1237 555 1304 591 ὅτε
1319 555 1480 597 κολοσσός
1491 555 1630 600 ὦναμας-

127 611 224 651 μένος
247 610 279 642 ἐν
304 607 350 650 τῇ
378 605 450 649 ἱερᾷ
481 602 544 646 σ’δῷ
567 599 697 647 ἱδρύθη.
749 609 833 648 φασὶ
852 605 906 641 δὲ,
945 603 1046 640 αὐτ-δν
1062 600 1105 640 'ro'
1121 621 1158 641 τε
1176 602 1256 648 gebat
1277 602 1400 641 ἕκατδν
1419 607 1541 645 ποδῶν,
1575 602 1630 645 καῖ

127 653 171 692 τὸ
192 651 274 694 εἶδος
295 659 323 689 οἱ
342 658 399 698 μὲν
419 650 459 689 vd
480 655 540 687 τοῦ
563 658 732 696 Νέρωνος,
761 657 790 687 οἱ
811 655 845 687 δὲ
862 650 904 687 *ro*
926 654 987 687 τοῦ
1003 658 1104 690 Τίτου
1122 650 1230 697 ἔχειν,
1260 655 1417 701 colffts,
1454 665 1551 700 quem
1568 665 1630 688 vo·

127 702 280 743 cabant,
294 700 404 749 suffla
420 701 482 735 via
502 700 687 735 collocatus
705 698 762 748 est.
816 701 948 734 Dicunt
967 711 1107 742 autem,
1141 703 1366 737 altitudinem
1393 702 1465 738 eius
1492 701 1553 750 ff’
1569 709 1631 748 pe-

128 753 209 788 dum
228 751 266 791 C,
292 768 328 776 ·-
354 750 457 785 Suet.
481 750 578 784 CXX
601 767 661 790 --,
690 751 851 795 figuram
871 748 937 784 alii
962 751 1096 797 quidem
1114 752 1288 791 Neronis,
1323 751 1390 787 atii
1413 760 1528 786 autem
1551 748 1633 785 Tin·

127 801 254 836 habere
272 798 437 847 affixum.
490 798 564 844 Qi
579 798 682 832 locus
696 797 838 843 optime
850 809 918 843 pro
931 798 1123 843 spartiano
1136 799 1250 845 accipi
1263 799 1382 846 potest
1395 814 1403 841 3
1430 798 1512 834 add.
1526 800 1629 835 Suet.

127 848 243 894 vesp.
267 860 319 889 υς.
340 848 451 883 Boecl.
504 846 637 882 Coloffi
665 857 782 881 autem
801 865 835 873 -
861 845 1041 894 imposuit,
1080 858 1114 883 et
1139 849 1281 883 titulum
1307 861 1400 884 more
1419 848 1523 896 solito
1547 846 1631 895 sub-

123 897 288 948 firipfit,
318 896 463 942 Lampr.
478 920 488 936 ,
516 905 559 930 ut
587 895 719 930 merito
740 894 917 930 existimet
938 896 1035 937 Call,
1069 896 1270 933 tollendam
1292 897 1498 944 negativam
1519 895 1632 943 parti-

130 947 249 982 culam
272 948 360 990 οὔχ,
397 944 564 991 proxime
583 945 807 991 sequentem.
835 944 950 979 Oxon.
1002 945 1169 981 Coioss'os
1189 955 1329 981 vocant
1358 945 1472 981 moles
1500 945 1628 982 statua-

129 1007 233 1036 rum,
261 995 422 1030 turribus
440 1006 556 1040 pares.
584 994 673 1028 Plan.
697 1004 754 1038 34,
773 1005 807 1036 7.
837 993 962 1029 Schoi.
982 994 1109 1030 Iuven.
1132 1003 1166 1035 8,
1185 1005 1265 1040 230.
1315 993 1404 1029 inde
1429 1006 1540 1039 opera
1570 993 1631 1029 iu-

131 1042 257 1092 gentia
274 1042 523 1078 colofficotera
543 1041 730 1083 dicuntur,
756 1041 896 1078 Vitruv.
923 1054 977 1083 ιο,
996 1056 1029 1086 4.
1081 1043 1162 1078 Tan
1183 1043 1282 1079 mole
1295 1042 1332 1078 se
1351 1042 1439 1088 poni
1457 1043 1632 1079 curabant

129 1092 246 1131 insani
270 1091 520 1139 imperatore&
577 1091 669 1127 Plin.
692 1101 751 1137 35,
771 1103 806 1133 7.
831 1092 975 1138 Lampr.
998 1090 1103 1128 Alex.
1125 1101 1180 1132 28.
1201 1093 1302 1128 Suet.
1328 1094 1416 1128 Ner.
1435 1101 1492 1137 3:.
1519 1091 1629 1136 Vesp-

130 1153 190 1189 23.
237 1143 295 1177 De
315 1139 450 1176 colosso
471 1140 655 1181 Neronis,
680 1151 699 1174 a
720 1139 922 1176 Zenodoro
944 1139 1057 1182 fath),
1082 1141 1173 1176 Plin.
1188 1151 1245 1188 34,
1266 1154 1301 1185 7.
1327 1143 1526 1176 Zenodorus
1541 1138 1633 1188 P‘st·

129 1204 236 1240 quam
248 1189 343 1237 saeis
360 1190 430 1229 ihi,
457 1188 497 1224 in
517 1188 668 1224 civitate
679 1188 819 1224 Galliae
836 1187 1026 1230 Arvernis,
1053 1199 1169 1225 artem
1185 1190 1465 1239 approbaverat,
1490 1190 1632 1225 Romam

131 1241 265 1277 accitus
284 1238 331 1287 aest
349 1252 371 1273 a
394 1238 556 1278 Nerone,
593 1238 651 1273 ubi
667 1237 877 1287 destinatum
904 1238 1004 1273 illius
1029 1239 1204 1286 principis
1233 1237 1460 1274 simulacrum
1479 1237 1633 1285 colegffiom

130 1289 248 1329 fecit,
285 1287 347 1335 qui
370 1286 510 1322 dicatus
531 1285 617 1334 Jblis
637 1286 870 1322 venerationi
893 1287 951 1335 aest.
997 1289 1110 1324 Forte
1137 1301 1155 1323 a
1175 1288 1318 1334 vespas.
1338 1287 1469 1334 imper.
1489 1285 1633 1324 dicatus

130 1339 220 1376 solis
240 1336 473 1373 venerationi
494 1335 553 1370 est.
603 1335 715 1381 Xiph.
738 1336 866 1373 LXVI.
891 1348 924 1382 p.
941 1347 1022 1378 752.
1044 1339 1088 1372 A.
1111 1335 1179 1372 fic:
1223 1336 1424 1386 Vespqlt'ano
1436 1335 1577 1383 sextum
1596 1344 1634 1371 et

137 1387 221 1424 Tito
244 1394 411 1433 quartum
432 1383 620 1431 consulibus
638 1386 800 1430 templum
815 1385 921 1419 Pacis
939 1386 1133 1420 dedicatum
1150 1386 1196 1433 est
1206 1410 1217 1427 ,
1243 1397 1278 1421 et
1294 1385 1430 1433 colqffits
1440 1384 1551 1433 sacra
1569 1386 1633 1422 via

130 1436 326 1472 collocatus.
380 1434 500 1480 Imago
522 1433 673 1468 Neronis
692 1443 785 1474 erat,
811 1435 872 1468 vel
890 1433 980 1473 Titi,
1005 1443 1045 1468 ut
1062 1435 1107 1468 ab
1116 1435 1200 1469 aliis
1218 1434 1393 1469 traditum
1413 1433 1472 1482 <st-
1518 1433 1633 1469 Titus

130 1485 210 1523 scil.
243 1483 341 1519 hunc
368 1482 563 1522 coioss'um‚
598 1493 681 1517 cum
709 1493 812 1517 aurea
840 1483 976 1523 domo,
1016 1482 1188 1518 incendio
1217 1482 1356 1523 hausta,
1393 1480 1632 1529 compagibus

132 1531 280 1573 laxatis,
316 1529 528 1567 restituit'in
550 1530 716 1566 eiusdem
737 1530 869 1567 domus
888 1530 1006 1571 atrio,
1040 1530 1111 1566 five
1134 1542 1248 1578 parte,
1278 1545 1296 1567 a
1316 1530 1495 1567 vestibuko
1514 1530 1633 1566 diver-

131 1583 167 1620 sa
188 1594 227 1618 et
246 1579 358 1629 magis
379 1579 578 1620 interiore,
606 1592 639 1614 v.
653 1578 812 1615 Martial.
839 1591 870 1619 1,
888 1592 922 1615 2.
948 1592 985 1616 et
1003 1579 1052 1615 ibi
1073 1582 1185 1625 lnttp.
1247 1580 1366 1616 Huius
1389 1589 1501 1626 caput
1527 1578 1634 1615 deni-

133 1643 209 1679 que
225 1628 375 1670 demfit,
409 1629 511 1675 quod
532 1627 695 1663 Neronis
715 1629 820 1668 edet,
853 1640 893 1664 ac
920 1628 1031 1664 suum
1045 1627 1220 1672 imposuit
1239 1627 1468 1664 Commodus
1488 1627 1633 1673 impera,

133 1681 160 1717 fi
180 1677 390 1726 Lampridio
414 1690 467 1720 17.
492 1675 580 1712 fides
601 1676 650 1711 est
668 1676 847 1712 habenda.
910 1678 980 1712 Sed
1011 1689 1127 1712 errare
1148 1677 1294 1713 videtur
1315 1678 1481 1723 Lampr.‚
1517 1687 1633 1724 quum

133 1726 335 1766 Commodi
357 1738 525 1772 tempore
548 1738 626 1760 non
645 1723 809 1762 Neronis
827 1723 934 1761 fuisse
954 1724 1016 1761 ille
1042 1725 1198 1761 coloffus
1221 1726 1408 1765 videatur,
1442 1724 1505 1761 sed
1532 1723 1633 1766 solis,

132 1778 190 1814 uti
211 1790 255 1812 ex
281 1776 318 1811 h.
337 1774 360 1810 Ι.
390 1773 545 1810 Herodi.
571 1786 744 1821 apparet,
778 1787 811 1809 v.
834 1772 957 1810 Pitisc.
988 1775 1031 1811 ad
1055 1775 1159 1810 Suet.
1178 1775 1266 1810 Ner.
1291 1774 1421 1811 Claud.
1442 1787 1473 1810 c.
1494 1785 1552 1821 3¹·
1580 1772 1631 1810 cf.

133 1826 274 1864 fabric.
293 1825 336 1860 ad
357 1824 474 1859 Dion.
496 1822 518 1860 Ι.
533 1826 589 1858 66.
616 1835 652 1869 p.
668 1831 771 1863 1088.
789 1823 839 1869 sq.
867 1824 983 1860 Leisn.

231 1877 274 1911 In
294 1886 371 1910 rem
389 1872 556 1908 cf.Grut.
570 1874 693 1919 Lamp.
714 1873 759 1906 T.
773 1876 807 1907 6.
832 1873 868 1910 P.
882 1885 914 1907 2.
935 1884 1064 1919 p.929.
1077 1871 1128 1918 sq.
1157 1871 1296 1908 Pancir.
1308 1870 1419 1908 deser.
1430 1872 1509 1908 urb.
1522 1871 1630 1908 Rom.

132 1938 192 1973 ap.
213 1926 341 1961 Graev.
364 1922 436 1957 Th.
456 1923 501 1956 T.
518 1931 549 1967 3.
572 1933 605 1966 p.
621 1922 753 1967 403.R.
773 1920 850 1969 sqq.
871 1931 911 1957 et
930 1921 1090 1958 Famian.
1112 1920 1162 1958 ib.
1181 1922 1228 1956 T.
1239 1934 1272 1965 4.
1293 1933 1327 1968 p.
1344 1924 1447 1966 1036.
1462 1933 1492 1958 e.
1514 1921 1634 1957 Dion.

133 1974 213 2012 Cas.
233 1986 266 2020 p.
291 1984 392 2008 1222.
415 1971 463 2008 N.
491 1971 535 2007 ad
559 1969 591 2016 §.
613 1979 690 2014 148.
721 1971 824 2006 Fabr.
845 1971 937 2006 Bibl.
958 1973 1047 2007 Ant.
1067 1984 1100 2017 p.
1115 1981 1196 2017 332.
1216 1983 1269 2011 e.‚
1306 1969 1386 2006 Cas.
1401 1980 1440 2005 et
1459 1969 1567 2006 Salm.
1585 1969 1632 2006 ad

132 2026 250 2071 Spart.
271 2020 359 2057 Adr.
380 2021 428 2057 T.
446 2032 476 2055 1.
498 2018 691 2067 p.181.sq.
723 2020 764 2055 it.
785 2020 865 2055 Ael.
889 2021 973 2055 Ver.
995 2032 1121 2066 p.241.
1144 2031 1173 2054 a.
1188 2032 1221 2055 e.
1247 2019 1280 2053 b.
1300 2031 1332 2053 e.
1352 2031 1437 2054 cum
1458 2022 1534 2065 Stp.
1555 2017 1632 2058 Th.

131 2074 222 2110 Luc.
246 2071 325 2107 lnd.
348 2069 384 2105 in
407 2071 497 2105 Not.
519 2067 605 2104 Hes.
634 2068 737 2104 Suid.
755 2069 802 2104 G.
821 2068 895 2103 Th.
917 2080 958 2104 et
978 2069 1064 2106 Chr.
1086 2067 1177 2103 plin.
1241 2068 1341 2103 Tum
1366 2067 1410 2102 ad
1431 2068 1544 2103 Dion.
1564 2068 1587 2104 l.
1606 2068 1632 2103 l.

134 2136 153 2159 a
167 2120 284 2158 Reim.
306 2120 407 2154 locus
420 2117 542 2155 Nostri
564 2116 714 2153 affertur
729 2128 875 2153 tantum
888 2128 953 2164 per
965 2129 1151 2157 numeros,
1176 2115 1236 2152 sed
1249 2128 1329 2151 cum
1343 2117 1408 2152 Gr.
1429 2116 1473 2150 ad
1485 2117 1632 2163 Lampr.

134 2171 175 2207 in
195 2173 339 2207 Comm.
360 2181 394 2214 p.
419 2179 499 2211 522.
531 2166 570 2202 in
588 2165 663 2217 Cas.
686 2167 732 2202 N.
752 2167 785 2202 b.
806 2180 838 2202 e.
865 2168 956 2206 »τοῦ
973 2180 1052 2210 με’γ.
1077 2165 1137 2210 α’γ.
1158 2183 1208 2206 κ..
1236 2162 1290 2203 En.
1312 2164 1422 2208 σ.Ῥ.,
1451 2170 1509 2202 εΞκ.
1531 2172 1630 2212 φέρον

132 2221 227 2260 ‘naq
251 2235 284 2255 τ.
306 2234 336 2254 κ.
357 2217 393 2253 a’.
409 2241 419 2257 ,
448 2219 488 2252 ἱδ.
510 2213 567 2252 ἕ.“
592 2217 653 2252 sed
673 2227 726 2262 ap.
751 2215 864 2250 Dion.
882 2216 905 2249 1.
926 2216 950 2250 l.
970 2215 1076 2262 postr.
1099 2215 1123 2250 s.
1144 2214 1255 2261 Xiph.
1271 2223 1353 2261 384,
1369 2225 1424 2260 37.
1441 2217 1633 2252 τοῦκολσσ·

133 2274 194 2307 σοῦ
214 2274 274 2309 τὴν
291 2271 439 2310 κεφαλὴν
456 2264 654 2309 ἀποτεμὼν,
681 2263 736 2306 καὶ
751 2263 873 2309 ἑτέραν
895 2262 1022 2301 ἑαυτοῦ
1039 2263 1204 2305 ἐντιθεὶς,
1240 2276 1325 2299 eum
1344 2261 1482 2311 abscff)
1505 2261 1632 2299 coloffi

131 2319 270 2365 capite,
300 2315 353 2351 sui
372 2314 503 2362 capitis
525 2312 723 2360 imaginem
744 2312 945 2361 reposuzjffe',
980 2312 1044 2349 ubi
1071 2325 1149 2348 non
1182 2312 1294 2348 modo
1322 2315 1449 2349 eadem
1473 2311 1632 2348 formula

133 2374 193 2409 τὴν
213 2381 243 2401 κ.
261 2364 343 2406 οἶκε,
379 2365 456 2411 mg.
477 2375 496 2398 e
517 2363 574 2408 P.)
595 2363 653 2397 ied
675 2372 713 2398 et
733 2364 794 2399 τοῦ
815 2374 886 2399 non.
908 2361 1051 2408 privum
1070 2362 1172 2398 subst.
1187 2387 1197 2404 ,
1230 2374 1247 2397 a
1271 2362 1402 2398 Nostro
1428 2360 1632 2408 expressum

133 2429 197 2463 per
219 2410 462 2461 periphrasin,
498 2423 554 2457 ap.
581 2411 662 2446 Sch.
697 2409 894 2449 „coloffixei
918 2411 1295 2458 maximifimulacricf
1333 2411 1496 2452 servam,
1530 2409 1632 2447 secus

134 2477 174 2500 ac
196 2466 230 2500 P.
245 2489 255 2503 ‚
281 2462 383 2497 fimul
403 2461 473 2495 adi.
495 2474 596 2504 μεγ..
635 2459 749 2501 reste,
777 2461 878 2507 quod
895 2457 980 2496 sunt
998 2460 1168 2505 copulata
1188 2459 1266 2507 syn.
1281 2485 1291 2502 ,
1323 2470 1484 2508 quorum
1514 2458 1632 2506 poste·

134 2511 224 2548 riori
243 2509 416 2547 definitur
436 2509 547 2556 magis
570 2508 694 2555 prius,
731 2521 796 2554 per
818 2509 1026 2554 scripturam
1046 2511 1143 2550 Lat„
1181 2520 1274 2556 quae
1292 2508 1443 2555 proprie
1466 2507 1632 2554 pertinet

134 2562 180 2597 ad
197 2560 293 2595 aliud
316 2560 380 2595 Gr.
402 2562 611 2599 κολοσσοιῖος,
638 2558 738 2604 quod
759 2569 831 2593 una
851 2569 935 2594 cum
955 2558 1146 2599 κσλοσσικός
1164 2568 1201 2592 et
1222 2557 1427 2599 κολᾶσσειος,
1451 2557 1631 2604 (Bg.e[².)

134 2620 239 2647 tenet
263 2610 342 2653 Stp.
366 2608 460 2648 Th„
495 2618 571 2641 non
591 2607 681 2642 item
705 2607 893 2648 nostrum,
926 2607 1045 2642 vocali
1069 2607 1200 2642 inserta
1220 2623 1252 2648 ι,
1287 2618 1328 2643 ut
1347 2606 1396 2642 est
1423 2616 1546 2641 tamen
1573 2616 1628 2651 ap.

133 2658 250 2695 Diod.
273 2660 308 2692 5.
333 2667 370 2690 cr
390 2657 496 2695 Luc„
528 2654 590 2690 ubi
610 2667 737 2690 contra
755 2668 834 2691 non
851 2656 1027 2696 habetur,
1066 2655 1169 2702 quod
1196 2655 1283 2691 inde
1299 2657 1378 2701 Stp.
1403 2653 1547 2701 profert
1575 2667 1629 2689 κο-

135 2710 313 2745 ),οσσαῖος,
350 2704 489 2738 varians
514 2716 598 2739 curn
624 2704 745 2740 nostro
774 2704 821 2740 ib.
840 2717 874 2746 2,
893 2716 972 2748 740.
998 2705 1022 2739 l.
1044 2710 1125 2747 26.,
1162 2717 1180 2738 a
1203 2705 1270 2740 Gs.
1300 2701 1515 2740 conversum
1545 2713 1629 2737 cum

135 2756 240 2797 Sch.‚
273 2753 333 2792 sed
360 2763 416 2800 ap.
441 2752 555 2788 Diod.
579 2754 614 2789 S.
638 2765 668 2795 ι,
691 2765 766 2800 459.
788 2754 881 2791 l-za.
908 2757 1116 2792 κολοσσιαῖον
1142 2752 1341 2803 amentium,
1381 2751 1552 2794 statuam,
1582 2751 1635 2788 ad

1730 721 1739 738 t
