1772 3158
78 155 251 207 LIBER
273 159 309 202 1.
353 156 478 204 CAP.
504 153 599 201 ΧΠ.
635 154 759 198 A‚v.
784 152 833 197 c.
861 161 926 208 94
942 163 982 194 1.
1024 150 1164 196 CHR.
1184 149 1249 195 N.
1275 154 1392 199 188.
1433 153 1539 208 4'79

22 271 175 331 ἡδείας
200 272 332 325 σκιαῖς
353 276 385 318 Ρ.
457 265 592 317 ἀλλά
617 265 695 315 καὶ
729 268 765 314 οἱ
809 284 852 327 4.
893 270 986 318 bra.
1061 271 1186 324 Quin
1226 272 1356 316 etiam
1387 273 1434 318 in
1467 287 1543 318 ur-

117 412 152 451 p)
179 406 276 440 Nihil
296 404 349 437 hic
366 402 525 440 variatur,
549 399 610 433 nisi
629 412 688 443 per
705 400 901 433 mendosum
921 405 1002 436 αἴας
1022 402 1056 432 B.
1071 411 1104 434 2.
1117 400 1152 435 L.
1167 400 1235 431 Par.
1251 410 1283 433 2.
1296 409 1332 432 et
1342 402 1426 439 Ox..
1450 411 1485 432 v.
1497 376 1546 434 N.

27 522 164 561 Noster
182 518 254 556 iam
273 518 306 567 §.
326 515 411 553 init.
431 514 595 552 dixisset:
629 514 765 557 nolens
785 513 841 549 bis
862 512 961 549 idem
987 511 1133 554 dicere,
1162 525 1230 560 pro
1249 525 1296 549 eo
1317 512 1546 550 antecedens

29 585 71 608 ac
93 571 236 608 causam
256 568 370 604 modo
393 565 454 601 hic
476 563 621 612 posuit,
656 562 700 599 ad
720 563 958 603 variandum
992 564 1094 598 unde
1116 561 1320 600 violentior
1349 562 1461 597 altera
1489 574 1548 598 res

27 621 119 658 Rsk.
138 617 307 654 concidit
325 614 364 652 in
382 612 512 652 addito
533 614 638 649 subst.
661 618 767 659 ψυχς.
786 639 795 652 ,
830 624 1045 660 quanquam
1068 612 1142 647 hoc
1169 612 1325 648 affumto
1346 613 1547 648 concinni-

30 682 85 707 tas
109 669 224 705 maior
245 666 384 707 oritur,
412 675 492 700 non
512 661 574 699 ina
595 674 716 698 tamen
740 662 878 710 ubique
899 661 1088 710 urgenda;
1116 674 1134 697 a
1153 674 1222 709 qua
1247 661 1319 708 ipsa
1340 662 1378 698 h.
1394 662 1417 698 l.
1438 662 1548 698 venit

29 719 138 757 subst.
157 717 322 754 additum
343 727 362 749 a
381 712 518 750 Nostro
542 714 606 749 τῶν
628 715 783 759 δένδρων,
815 723 881 757 pro
905 722 1013 758 pron.
1037 713 1166 753 αὐτῶν,
1191 723 1302 758 quem
1321 709 1548 759 gemmunt

29 768 90 804 vel
109 765 184 814 ipse
197 769 258 814 Bg.
281 765 350 800 eP.
366 787 377 804 ,
404 763 462 798 vel
484 762 597 799 scriba
616 763 717 803 eius,
747 760 1013 797 restituendum
1034 760 1238 808 aliquando
1265 761 1377 797 nobis
1393 758 1549 806 fledra-

28 829 108 853 rum
129 819 296 852 arborum
314 812 477 849 iucunda
497 813 644 852 umbra,
679 810 862 857 capiendo
892 809 1048 846 articulo
1076 812 1142 847 τῶν
1165 809 1300 847 iterum
1328 823 1396 858 pro
1425 823 1550 858 pron,

28 865 118 914 quia
137 882 172 902 τ.
193 868 222 901 δ.
244 875 325 900 non
344 861 514 898 universe
536 860 595 896 hic
621 862 718 896 valet
732 885 742 899 ‚
777 860 836 897 sed
859 858 966 894 finite
985 871 1026 894 ac
1046 858 1093 895 de
1116 858 1226 895 certis
1247 872 1416 903 tantum,
1451 856 1549 908 quae

30 915 324 965 praecess'erunt‚
360 911 405 947 de
426 911 491 947 τῶν
509 912 659 955 δαφνῶν,
697 909 787 944 illud
808 908 912 946 subst.
932 908 1012 944 Lat.
1032 908 1144 944 etiam
1163 909 1385 946 ostendente
1403 910 1485 956 Stp.
1508 911 1550 949 in

30 979 82 1001 m.
104 965 141 1000 P.
156 988 166 1005 ,
195 962 262 1010 qui
283 962 322 997 in
344 961 419 997 Th.
444 959 558 995 modo
579 958 692 996 simile
713 959 804 1003 quid
828 968 934 995 tenet
954 969 988 1004 3,
1004 962 1088 1007 365.
1105 959 1149 993 D.
1171 971 1216 993 m.
1238 960 1369 995 eXen.
1397 965 1461 1000 »αἱ
1481 963 1550 998 τῶν

29 1017 168 1059 δένδρων
186 1012 239 1054 καὶ
259 1017 295 1048 αἱ
311 1012 376 1046 τῶν
392 1011 520 1054 πετρῶν
541 1007 634 1050 emo)
647 1033 657 1049 ,
693 1011 862 1044 arborum
882 1008 1022 1055 rupium
1041 1019 1115 1054 que
1133 1008 1299 1049 umbrae,
1336 1008 1362 1044 s.
1381 1010 1549 1053 umbrae,

30 1075 123 1111 quas
143 1064 289 1098 arbores
312 1071 498 1106 rupesque
519 1057 693 1093 faciunt«
721 1056 812 1093 ficut
839 1055 999 1096 dixeris,
1036 1055 1256 1092 adieetivum
1280 1057 1333 1100 ἥδ.
1364 1071 1444 1094 non
1473 1071 1550 1096 tam

31 1111 185 1161 poetico
203 1122 308 1146 more
331 1118 560 1154 ornatusque
587 1106 710 1147 causa,
746 1116 787 1142 ut
816 1105 1030 1153 pingeretur
1059 1117 1100 1139 ac
1127 1104 1286 1142 senfibus
1307 1107 1398 1154 quid
1432 1109 1552 1156 perci-

30 1161 210 1210 piendum
234 1158 406 1197 daretur,
439 1156 621 1191 adiectum
642 1154 733 1196 effe,
760 1166 871 1202 quarn
891 1154 965 1189 hoc
986 1152 1154 1195 coufflio,
1181 1167 1224 1191 ut
1247 1155 1472 1195 indicaretur
1493 1157 1552 1196 ef-

30 1210 149 1247 festus
172 1221 239 1255 pro
261 1206 362 1242 causa
383 1216 422 1242 et
443 1204 675 1252 consequen<
703 1216 769 1251 pro
789 1205 1058 1244 antecedente,
1098 1214 1142 1239 ut
1158 1203 1286 1252 suavis
1306 1208 1433 1243 umbra
1463 1208 1553 1245 esset

30 1273 100 1308 pro
121 1258 214 1299 levi,
243 1268 318 1292 non
342 1266 492 1302 magna,
518 1266 596 1289 non
615 1253 863 1301 frigidissima5
899 1265 981 1288 curn
1004 1253 1165 1290 nimium
1184 1253 1304 1303 frigus
1324 1267 1481 1303 putetur
1510 1268 1552 1296 et

30 1306 148 1345 hodie
169 1317 307 1342 nocere
327 1303 365 1339 in
384 1303 522 1339 talibus
544 1304 707 1345 mutim,
748 1313 790 1339 ut
812 1301 849 1338 in
872 1302 1038 1338 variolis.

78 1352 172 1395 ἰλλὸς
190 1354 262 1397 καὶ)
289 1356 331 1390 In
348 1352 405 1388 his
420 1352 614 1399 particulis
634 1356 692 1400 ssg.
713 1352 869 1387 liberior
888 1366 909 1388 e
929 1354 1008 1399 stp.
1029 1365 1076 1388 m.
1100 1352 1144 1388 ad
1163 1354 1200 1389 P.
1220 1365 1306 1390 cum
1326 1356 1474 1398 multis,
1499 1355 1551 1393 cf.

27 1408 110 1455 stp.
129 1405 204 1441 Th.
230 1416 262 1445 ι,
287 1409 367 1450 336.
393 1404 436 1438 C.
461 1401 484 1437 i.
505 1402 586 1439 Ind.
606 1403 701 1438 Xen.
720 1402 764 1438 Z.
787 1403 873 1448 Cyr.
896 1414 931 1437 ν.
951 1401 988 1438 ἆ.
1011 1415 1067 1443 e.,
1101 1403 1143 1439 L.
1166 1403 1214 1441 N.
1235 1405 1283 1440 T.
1311 1405 1398 1442 Krb.
1431 1419 1462 1453 p.
1489 1411 1550 1453 36.
1600 1439 1605 1448 ,

28 1457 100 1494 Nr.
124 1465 155 1502 3.
182 1453 307 1501 Kypk.
331 1462 455 1498 2,310.
471 1464 516 1489 m.
549 1453 675 1498 Hoog.
699 1454 773 1499 Op.
792 1463 829 1498 p.
844 1462 902 1496 40.
924 1463 996 1493 m.,
1023 1451 1089 1500 qui
1110 1463 1236 1489 tamen
1258 1464 1299 1490 et
1314 1455 1551 1493 leveritatem

27 1504 83 1544 ibi
104 1504 293 1553 sequitur.
330 1501 442 1538 etiam
459 1515 479 1537 c
506 1503 584 1538 Lat.
606 1501 692 1539 usu;
729 1513 839 1548 quam
859 1500 1081 1543 formulam,
1108 1514 1188 1539 non
1211 1504 1412 1550 praemiffis
1432 1509 1469 1542 οὗ
1487 1502 1551 1551 μό·

27 1571 102 1596 ην,
139 1566 184 1590 ut
202 1551 372 1588 concedo
392 1550 583 1587 interdum
604 1550 784 1592 adhiberi,
813 1551 878 1587 ubi
898 1550 1034 1588 minori
1054 1552 1173 1589 maius
1191 1553 1281 1601 quid
1299 1554 1477 1592 addatur:
1505 1555 1554 1592 fic

28 1605 86 1641 vis
106 1604 186 1640 eius
210 1603 353 1649 pendet
370 1601 495 1636 omnis
524 1613 541 1635 a
561 1601 692 1636 vocula
711 1600 787 1644 xm),
824 1611 920 1648 quae
944 1611 1024 1637 turn
1046 1603 1199 1649 ponitur
1222 1617 1290 1650 pro
1321 1606 1432 1641 etiam
1451 1608 1555 1649 adeo,

30 1653 95 1691 sed
115 1665 235 1700 aeque
257 1663 325 1698 pro
353 1649 468 1696 iimpl.
487 1651 618 1695 etiam,
650 1649 818 1698 facitque
847 1650 943 1686 nihil
968 1651 1090 1694 aliud,
1131 1663 1239 1699 quain
1270 1665 1314 1689 ut
1340 1655 1555 1694 orationem

33 1701 235 1738 continuet
254 1711 293 1736 et
314 1700 427 1746 priori
450 1699 559 1736 addat
578 1699 720 1746 aliquid
743 1701 1026 1747 qualecunque,
1050 1702 1178 1737 valens
1200 1702 1315 1738 modo
1335 1716 1403 1750 pro
1431 1705 1554 1753 fimpt.

30 1752 115 1789 Lat.
133 1759 347 1798 praetereas
381 1748 576 1795 quomodo
597 1748 634 1784 h.
655 1749 676 1784 l.
701 1749 830 1795 capio,
867 1761 932 1795 per
952 1750 1170 1786 nostratium
1192 1753 1279 1788 aber
1300 1755 1408 1795 auch;
1448 1755 1555 1791 incli-

32 1811 151 1838 nante
171 1800 218 1834 G.
241 1799 316 1833 Th.
343 1798 383 1833 in
402 1799 462 1846 ssg.
482 1797 527 1832 ad
546 1798 734 1842 vulgarem
756 1797 979 1845 opinionem
1006 1800 1213 1846 „particula
1234 1801 1352 1838 maius
1372 1804 1554 1850 quiddam

31 1851 111 1890 his,
143 1858 239 1896 quae
258 1845 503 1894 praecedunt.
535 1846 790 1882 annectendi«
826 1847 887 1883 sed
917 1848 1077 1884 abeunte
1100 1851 1135 1884 Ρ.
1158 1850 1220 1885 hic
1247 1863 1285 1887 et
1313 1851 1354 1887 in
1376 1855 1449 1901 iq„
1486 1853 1555 1891 ubi

33 1899 144 1940 Sch.‚
181 1910 248 1944 pro
278 1908 381 1931 mero
415 1895 520 1931 subst.
546 1896 681 1931 incolae
709 1897 749 1932 in
778 1909 810 1931 v.
832 1903 884 1938 οἱ,
913 1897 1044 1933 reffius
1071 1898 1110 1934 in
1133 1911 1254 1946 praep.
1280 1901 1391 1947 ponit
1419 1904 1554 1943 „urbis

32 1950 197 1987 incolam
225 1944 354 1982 addito
381 1956 464 1994 gen.
493 1944 591 1986 ioci,
631 1945 692 1982 sed
721 1947 786 1996 Β.
813 1946 859 1982 ad
888 1945 1090 1984 formulam
1125 1961 1169 1984 ex
1198 1948 1301 1985 artic.
1334 1953 1438 1988 nudo
1465 1965 1554 1991 cum

33 2009 162 2047 praep.
193 2007 232 2031 et
258 1993 360 2031 subst.
392 1994 566 2041 exprimit
595 1995 713 2030 modo
743 1995 954 2042 suppietum
979 1996 1089 2032 subst.
1107 1994 1298 2045 ἅνθρωποι,
1333 2013 1483 2039 tacente.-
1511 2005 1554 2041 L.

31 2047 115 2085 Bos.
139 2046 208 2082 ΕΗ.
233 2054 339 2090 p.31.
364 2057 418 2086 e.,
448 2043 558 2079 etiam
578 2045 660 2091 Stp.
682 2044 757 2080 Th.
779 2057 809 2079 v.
829 2056 928 2085 mn„
967 2044 1033 2083 nisi
1057 2047 1158 2094 quod
1183 2062 1217 2089 π,
1240 2058 1296 2091 87.
1319 2051 1359 2086 E.
1380 2051 1420 2087 in
1444 2065 1497 2100 pr.
1519 2070 1553 2091 κ.

34 2107 143 2136 tenet
163 2094 361 2130 notionem
379 2095 441 2142 Bg.
455 2116 465 2133 ‚
500 2093 566 2136 (cf.
586 2094 663 2129 ind.
682 2094 726 2130 Z.
742 2095 837 2130 Xen.
856 2096 986 2139 Bach.)
1014 2107 1079 2142 per
1102 2108 1212 2144 quam
1245 2110 1432 2144 praeterea
1463 2101 1554 2139 affu-

34 2147 216 2183 mendum
234 2142 295 2178 hic
315 2142 482 2190 particip.
508 2141 622 2185 ὄντες,
654 2139 840 2188 γινόμενοι,
867 2149 1120 2187 κατοικοῦντες.
1146 2149 1329 2190 aenos-mg.
1359 2161 1454 2196 quae
1475 2153 1555 2188 duo

33 2195 146 2244 postr.
171 2192 332 2240 respexit
348 2204 501 2240 quoque
521 2196 601 2240 Sep.
620 2193 663 2227 ad
686 2206 734 2228 m.
757 2194 816 2234 Ρ..
853 2204 892 2229 et
909 2196 1168 2232 commodiora
1189 2198 1274 2233 sunt
1291 2197 1330 2234 in
1353 2212 1407 2245 pr.
1427 2217 1459 2239 κ.
1483 2213 1552 2248 pro

34 2246 117 2282 Lat.
133 2254 220 2292 per,
254 2242 387 2290 quibus
409 2241 581 2283 solenne,
609 2242 774 2277 babitare
796 2255 858 2288 per
879 2245 1020 2285 urbem,
1047 2244 1093 2280 de
1115 2247 1244 2282 multis
1267 2247 1483 2287 hominibus
1512 2261 1554 2289 et

34 2295 78 2332 in
95 2292 197 2330 urbis
220 2291 313 2328 iocis
338 2290 508 2332 diver1353
549 2291 652 2328 unde
679 2292 833 2328 liberius
851 2293 934 2328 Sch.
958 2292 1052 2330 illud
1071 2293 1142 2336 est,
1180 2295 1269 2332 dum
1299 2299 1551 2345 participium.

32 2343 137 2393 quod
157 2341 368 2389 suppletum
388 2352 485 2381 erat,
522 2353 640 2377 mutat
660 2340 698 2377 in
718 2341 821 2378 subst.
845 2343 977 2384 affine,
1009 2343 1057 2379 cf.
1076 2341 1109 2389 §.
1130 2355 1160 2380 1.
1177 2357 1232 2386 e.,
1273 2347 1334 2383 sed
1367 2348 1550 2397 praepost-

33 2393 180 2431 tionem
202 2402 285 2427 cum
308 2389 414 2426 subst.
433 2390 472 2425 in
493 2390 722 2437 genstivunu
756 2401 799 2427 ut
815 2403 933 2440 aeque
953 2393 1111 2430 liberum
1135 2393 1185 2429 est
1203 2395 1296 2438 hoc,
1321 2398 1418 2433 cives
1435 2399 1458 2434 s.
1479 2400 1551 2436 ho-

31 2441 158 2480 mines
180 2439 330 2479 urbam’3
364 2438 465 2475 unde
484 2439 622 2475 deinde
644 2440 847 2478 solitarium
861 2441 1099 2489 quorundam
1116 2445 1267 2486 urbani,
1301 2446 1344 2482 it.
1366 2449 1552 2496 oppidani,

32 2492 199 2530 nostrum
218 2491 276 2525 die
298 2490 462 2528 Sth'dtem
493 2500 588 2536 quae
609 2488 726 2526 forma
747 2502 812 2538 per
833 2492 905 2528 adi.
930 2493 1170 2528 commodior
1188 2493 1259 2535 est,
1286 2495 1348 2531 ubi
1370 2497 1550 2536 djsertum

31 2541 140 2579 subst.
163 2538 270 2575 fimul
288 2537 504 2586 adiungitur
518 2562 529 2579 ,
557 2550 600 2574 ut
616 2546 646 2575 οἱ
664 2555 694 2575 κ.
710 2551 787 2577 πολ.
808 2546 928 2586 ταμίαι,
943 2566 952 2581 .
984 2541 1203 2587 Qaestores
1221 2545 1372 2587 urbani,
1401 2561 1434 2583 v.
1453 2551 1548 2586 Krb.

32 2587 147 2629 Decr.
170 2589 211 2626 R.
229 2601 263 2635 ρ.
278 2589 302 2625 Ι.
324 2597 454 2635 p-z39.
473 2597 556 2633 435.
586 2588 665 2624 lnd.
682 2590 744 2624 Sb.
759 2615 769 2631 ,
800 2591 918 2625 Dion.
935 2593 985 2627 H.
1007 2593 1054 2627 T.
1081 2604 1112 2628 1.
1134 2604 1256 2631 ιη’-ολ.
1277 2605 1316 2631 et
1334 2596 1451 2634 Fisch,
1474 2598 1549 2635 pal,

34 2652 72 2675 v.
92 2656 123 2675 η.
140 2653 193 2679 e.;
229 2637 449 2674 tenentibus
475 2637 694 2674 nostratibus
715 2649 794 2676 turn
816 2638 910 2675 iliud
932 2641 1014 2675 Scb.
1034 2642 1091 2677 die
1112 2643 1327 2680 Einwohner
1346 2649 1410 2683 der
1427 2649 1549 2690 Smar,

35 2698 116 2726 tum
137 2687 228 2725 inde
246 2688 473 2724 contrabium
494 2687 552 2722 die
567 2687 789 2731 Stadeleute,
827 2700 906 2726 tum
927 2689 1084 2726 vicinius
1104 2693 1166 2733 ΒΕ.
1198 2694 1254 2729 die
1274 2695 1392 2732 Leute
1419 2698 1457 2733 in
1482 2702 1550 2735 der

36 2738 165 2781 Stude,
200 2750 280 2774 turn
305 2735 470 2784 denique
498 2749 562 2783 per
579 2736 722 2784 ellipsin
742 2739 899 2774 eandem
919 2741 976 2775 die
999 2740 1034 2775 in
1055 2742 1121 2776 a'er
1133 2732 1266 2785 Ts‘tadm
1306 2745 1548 2785 intemaffioe

36 2785 152 2825 Vem.
169 2797 245 2826 vet.
266 2797 348 2825 non
368 2785 618 2829 Laurentum,
651 2786 713 2824 sed
736 2788 891 2826 Romam
918 2801 1004 2830 cum
1023 2789 1106 2829 Sch.
1130 2789 1170 2831 in
1190 2805 1295 2838 ma..
1326 2777 1548 2845 (quoe'foffe
