1772 3158
192 153 364 200 LIBER
387 153 422 196 1.
455 152 677 197 CAPJIX.
720 152 772 194 A.
796 151 851 194 v.
877 151 925 195 c.
956 136 1079 206 933.
1112 150 1328 194 CHRN.
1363 153 1478 199 180.
1523 161 1626 208 339

116 269 195 320 καὶ
235 264 393 328 ἰσχύος
438 263 599 315 πάντα·
639 260 848 334 οἱθξοίζε-
883 269 1111 317 etroboris
1126 272 1626 331 omniacongregantur,

118 417 244 456 elicias
263 415 403 464 aliquid
422 415 468 452 ad
487 421 540 463 'pn
557 415 610 452 N.
630 419 717 461 ise..
745 426 814 459 pro
833 421 962 459 μέγας,
983 414 1046 452 sed
1069 425 1108 451 et
1131 414 1223 455 hoc,
1249 423 1294 450 ut
1311 413 1364 450 ibi
1379 425 1458 450 non
1472 414 1628 455 accipias

117 469 166 504 de
187 466 372 528 personis,
399 477 418 500 a
438 463 675 501 nominativo
695 470 725 500 οἱ
745 462 980 506 Kanna-7101,
1011 466 1074 501 sed
1099 465 1146 500 de
1166 465 1298 503 rebus,
1337 477 1356 498 a
1374 464 1559 499 nominat.
1579 469 1626 500 τὲ

116 512 338 556 Kana-iace,
373 514 632 551 subintellfflo
653 513 757 549 subst.
775 519 1026 558 γυμνάσματα,
1061 513 1164 561 quod
1195 513 1374 560 procedat
1402 511 1506 548 fimo!
1537 526 1625 549 cum

115 569 231 604 altero
252 563 356 601 lublt.
375 563 433 600 τὲυ
452 568 534 607 ἃγ,
570 574 614 598 ut
635 563 679 597 ad
700 564 738 598 L.
759 564 837 599 Boi.
858 565 950 599 Ant.
977 563 1041 598 Gr.
1069 562 1208 610 profert
1227 562 1353 599 Leisn.
1380 575 1414 609 p.
1440 572 1496 602 ει.
1517 575 1563 597 rn.
1584 565 1626 606 d)

114 629 138 653 e
154 615 246 652 Luc.
269 638 292 655 ,‚
284 620 544 657 ,γυμνασμάτων
563 617 701 656 ἀγῶνες.
707 618 729 633 “
773 612 843 648 Sed
865 625 1009 653 aeonem
1033 613 1292 666 Capitolirggym,
1319 625 1393 657 quo
1415 613 1460 647 de
1483 620 1510 647 ι
1506 611 1585 647 'ors
1600 612 1626 647 l.

113 666 139 702 Ι.
165 676 210 701 ex
228 663 288 698 illa
310 661 476 708 inscript.
495 663 572 709 agit
595 674 629 709 p.
652 662 672 697 s
695 673 752 708 q..
789 676 807 697 a
833 662 925 696 ludis
947 664 1036 710 Cap:
1028 662 1158 697 'toliuir
1185 659 1292 697 distin
1299 661 1380 709 guit
1399 662 1627 707 Nieupoort.

112 714 245 760 Antiq.
270 724 304 758 p.
319 722 399 757 3¹²·
421 724 452 746 e.
465 736 475 752 ,
511 724 586 759 quo
607 710 654 747 de
699 710 882 746 iscrimine
903 710 999 747 nihil
1021 711 1129 746 etiarn
1152 710 1196 745 ad
1218 712 1317 746 Suet.
1341 712 1364 744 l.
1387 710 1408 745 l.
1436 723 1467 745 c.
1484 723 1538 751 13-
1557 713 1629 745 Ca-

110 761 275 812 pitolino
294 773 344 796 ce·
347 761 514 801 tamine,
543 773 613 796 nec
633 773 689 808 ap.
713 762 758 796 G.
784 761 858 797 Th.
879 761 918 795 in
943 761 1212 808 „Capitolinus‚
1237 765 1490 801 Κκπετωλῖνσς,
1527 760 1628 806 lupi-

110 825 169 850 ter
192 830 252 850 -.
280 822 467 846 certamen
488 830 549 851 -,
572 809 647 846 ludi
670 831 708 837 —-
755 813 829 846 luv.
852 810 1088 856 Capitolinam
1110 822 1294 857 quercum,
1324 809 1385 844 ubi
1414 810 1534 855 lnttp.
1581 812 1627 846 ln

110 872 231 910 agone
251 859 469 905 Capitolino
490 859 696 894 citharoedi
718 859 875 895 victores
896 871 1072 894 coronam
1093 872 1113 894 e
1135 870 1272 906 quercu
1297 858 1551 903 accipiebant,
1584 869 1625 894 et

109 916 254 958 poetae.
265 925 305 933 -
327 909 488 944 Plateam
506 908 714 955 Capitolini
736 910 778 945 de
799 909 961 956 collegio
981 909 1183 944 einer-“unt
1210 907 1271 944 {ed
1290 906 1451 942 rufius..
1433 920 1490 953 ap.
1503 907 1624 946 Rofin

107 962 202 996 Ant·
225 969 260 1004 Ρ·
276 969 360 1001 474·
379 956 403 992 i.
454 981 477 998 ,
471 959 631 995 Praeter
661 958 731 993 hos
757 970 845 993 vero
874 958 1094 1005 Capitolinos
1121 957 1240 998 ludos,
1277 954 1389 991 etiam
1412 956 1473 991 alii
1504 968 1624 996 erant.

110 1009 176 1057 qui
202 1005 351 1054 lingulis
377 1005 546 1055 quinque
571 1007 678 1042 a'nnis
706 1007 1006 1046 celebrabantur,
1043 1005 1200 1041 instituti
1230 1017 1248 1039 a
1275 1005 1498 1040 Domitiano
1523 1008 1626 1049 linp,

109 1058 175 1106 qui
195 1056 267 1092 alio
285 1067 443 1091 nomme
463 1067 589 1102 agones
609 1055 806 1102 Capitolini
824 1055 1083 1101 appellantur“
1109 1053 1243 1108 quibus
1264 1053 1413 1088 subiicit
1427 1053 1623 1090 auetorita-

108 1117 187 1143 tem
210 1104 276 1141 los.
299 1105 387 1141 Scal-
408 1118 453 1140 ex
476 1102 557 1139 Aus
580 1104 676 1140 Le&
705 1128 728 1144 .‚
731 1114 857 1151 agones
882 1105 1080 1151 Capitolini
1102 1103 1262 1149 primum
1281 1114 1301 1137 a
1320 1104 1543 1138 Domitiano
1569 1105 1625 1139 in-

107 1155 226 1193 stituti
249 1153 353 1194 sunt,
378 1172 412 1182 -
441 1154 615 1199 exemplo
645 1153 817 1188 ludorum
837 1151 1149 1200 Olympicowm.
1185 1154 1219 1196 (a
1240 1152 1378 1199 quibus
1406 1151 1563 1189 haeserit
1585 1164 1626 1190 et

106 1217 166 1252 ap.
189 1205 295 1240 Rom.
314 1200 514 1248 epitheton
534 1202 638 1249 supra
658 1202 773 1247 ἱερόν.)
825 1202 868 1238 ln
895 1203 941 1238 iis
971 1201 1155 1250 agonibus
1183 1213 1298 1237 omne
1317 1212 1434 1248 genus
1463 1201 1625 1238 artifices

104 1253 306 1293 certabant,
325 1269 363 1276 —
386 1250 591 1288 citharoedi
611 1271 648 1279 ——
668 1262 708 1287 ct
728 1255 859 1296 poetae
880 1271 918 1279 —
935 1262 972 1287 et
994 1242 1205 1287 histriones.
1219 1270 1256 1277 -
1277 1251 1376 1286 Cave
1396 1249 1440 1286 fis
1462 1250 1625 1287 confun-

105 1301 169 1338 das
188 1312 330 1348 agonem
341 1301 518 1335 Albanum
538 1312 622 1337 cum
645 1300 717 1336 hoc
731 1301 941 1349 Capitolino.
997 1303 1165 1347 Uterque
1183 1300 1285 1336 enim
1304 1298 1496 1337 institurus
1512 1313 1530 1336 a
1543 1302 1627 1336 Do·

103 1349 274 1387 mitiano.
325 1351 397 1385 Sed
417 1348 584 1386 nobilior
605 1348 909 1397 Capitolinus.—
927 1352 1125 1387 Caeterum
1145 1350 1288 1396 semper
1308 1361 1403 1397 agon
1422 1349 1499 1396 iple
1521 1363 1574 1385 rr..
1580 1363 1625 1387 n-

103 1398 148 1437 fit
165 1400 330 1440 Romae,
362 1409 406 1435 ut
424 1399 461 1434 in
484 1411 528 1435 eo
550 1404 698 1446 poetae,
724 1399 890 1436 rhetores
909 1399 1137 1447 aliarumque
1159 1381 1424 1445 profeffionum
1447 1399 1625 1437 homines

102 1458 372 1486 coronarentur
390 1448 434 1484 ab
454 1446 534 1494 ipso
555 1452 792 1494 Imperatore.
844 1449 982 1497 Neque
1013 1459 1105 1496 puto
1134 1448 1284 1484 aliunde
1315 1453 1509 1494 poetarum
1543 1453 1626 1485 lau·
1657 1476 1659 1479 .

101 1509 288 1535 reatorum
309 1510 452 1533 rnorem
472 1497 635 1535 manaffe.
654 1517 695 1525 --
720 1498 828 1534 Sed·
817 1512 854 1535 m
879 1499 1070 1536 veteribus
1099 1498 1282 1547 agonibus
1305 1497 1531 1544 Capitolinis
1557 1500 1623 1545 qui

100 1548 292 1589 vicerant,
320 1559 460 1583 corona
483 1558 522 1584 et
541 1559 641 1583 ramo
665 1546 887 1584 lemniscatis
909 1561 972 1585 aut
992 1529 1143 1595 torque„
1159 1546 1341 1583 involutis
1372 1548 1622 1585 donabantur.

98 1598 198 1636 Nam
221 1596 283 1644 qui
305 1595 458 1633 secundi
480 1608 608 1638 erant,
636 1609 768 1632 eorum
788 1609 949 1634 coronae
968 1610 1006 1635 et
1027 1598 1203 1643 palmae
1181 1595 1257 1632 sne
1278 1595 1464 1632 lemnilcis
1477 1601 1625 1634 erant.“

99 1646 200 1684 Addi
220 1648 332 1683 liceat
356 1658 400 1683 ex
420 1646 573 1683 Ernestii
594 1649 655 1684 τοῦ
676 1648 728 1684 νῦν
749 1651 779 1684 ἐν
804 1646 912 1691 ἁγίοις
933 1646 1174 1684 Lectionibus
1193 1645 1237 1681 ad
1257 1646 1417 1694 Antiqu.
1447 1647 1494 1682 de
1523 1647 1622 1683 ludis

101 1694 332 1743 Capitolinis
363 1697 465 1731 baec.
515 1696 678 1745 „Magna
714 1696 848 1732 horum
881 1696 1054 1733 ludorum
1093 1695 1169 1732 fuit
1199 1695 1416 1733 solennitas.
1479 1697 1626 1739 Quales

101 1745 270 1783 fuerint.
297 1744 425 1791 quaeri
448 1743 561 1787 solet;
587 1728 689 1794 quod
706 1745 861 1792 quidem
881 1759 926 1784 ex
948 1758 1119 1792 tempore
1130 1744 1256 1792 colligi
1271 1745 1401 1805 potest.
1454 1747 1507 1782 Eo
1519 1745 1625 1782 enim

100 1805 272 1840 tempore
299 1793 456 1829 Romani
484 1806 564 1830 non
594 1793 660 1830 nisi
682 1793 861 1843 Circenses
891 1795 1002 1830 ludos
1023 1805 1218 1830 noverant.
1272 1795 1492 1831 scenicorum
1512 1796 1624 1843 origo

99 1843 260 1880 traditur
280 1853 299 1877 a
318 1842 397 1878 Liv.
419 1841 567 1879 demum
585 1844 608 1878 Ι.
619 1856 652 1885 7.
671 1846 720 1882 (c.
743 1856 759 1867 ·-
765 1846 790 1888 .)
817 1844 862 1880 Et
874 1844 1094 1891 gladiatorii
1110 1844 1197 1878 sunt
1217 1844 1334 1879 multo
1354 1845 1606 1881 recentiores.⁸

99 1895 160 1930 De
185 1891 284 1928 ludis
314 1890 541 1937 Capitolinis
572 1891 795 1928 recentioris
823 1892 954 1929 aetatis
980 1905 1020 1927 ac
1039 1893 1141 1928 modi
1175 1905 1192 1926 a
1216 1891 1350 1928 Nostro
1371 1893 1450 1935 afli,
1487 1894 1625 1940 liquet.

99 1941 260 1990 opinor,
293 1952 379 1976 cum
403 1953 446 1977 ex
466 1941 648 1998 temporis
668 1942 838 1981 ratione,
875 1954 956 1977 turn
979 1955 1021 1977 ex
1042 1941 1111 1981 iis.
1147 1953 1243 1996 quae
1271 1940 1448 1997 deinceps
1480 1954 1624 1978 memo·

99 2003 251 2032 rantur,
278 1989 345 2025 hac
363 1988 486 2037 ipsa§.
506 1987 693 2035 &sapon-a,
728 1991 762 2026 h.
784 2004 815 2026 e.
839 1991 1062 2038 spessacula,
1096 1991 1195 2026 edita
1218 2002 1296 2026 tum
1327 1991 1367 2026 in
1389 2004 1489 2026 circo
1514 2004 1628 2027 arena

99 2053 198 2089 que,
234 2051 315 2075 tum
337 2039 376 2074 in
397 2038 526 2080 scena,
560 2052 592 2075 v.
615 2040 661 2076 N.
682 2038 733 2086 lq.
748 2065 758 2081 ,
788 2040 898 2097 sed§
920 2044 951 2076 6.
978 2039 1018 2075 τὸ
1039 2044 1206 2084 θέατρον,
1238 2038 1271 2085 §.
1293 2052 1328 2083 7.
1354 2057 1414 2082 την
1434 2057 1554 2083 exn-anu
1582 2052 1625 2078 et

97 2089 246 2131 histrio,
282 2087 491 2136 philosophi
513 2089 664 2144 habitu,
704 2089 744 2125 it.
768 2089 800 2136 §.
825 2102 855 2135 5.
885 2089 962 2136 iple
986 2091 1209 2136 Imperator,
1251 2101 1329 2125 non
1351 2092 1466 2127 modo
1487 2089 1626 2135 lpesta-

99 2150 182 2180 tor,
211 2138 272 2174 sed
291 2149 331 2174 et
351 2138 414 2185 qui
436 2138 596 2185 praemia
621 2151 829 2185 proponat,
856 2149 894 2174 et
910 2139 1025 2179 adeo,
1054 2140 1200 2184 peracto
1221 2139 1436 2180 certamine.
1463 2139 1625 2182 dividat.

97 2188 264 2235 denique
282 2187 484 2223 solennitas
507 2199 637 2235 magna
661 2186 693 2234 §.
717 2189 786 2225 hac
805 2200 895 2225 extr.
917 2185 1014 2225 πάθη
1033 2203 1155 2233 wamy.
1181 2198 1219 2224 et
1240 2188 1271 2234 ᾗ.
1286 2201 1317 2233 ς.
1340 2201 1373 2225 e.
1393 2191 1543 2237 πληρωθ.
1560 2191 1625 2227 τοῦ

98 2240 138 2277 2.
168 2236 307 2284 1t§
313 2264 320 2271 .
352 2240 388 2272 οὐ
406 2252 531 2280 nez-any
555 2249 586 2274 7..

147 2289 266 2330 θυεμ.)
296 2285 403 2321 Deest
423 2286 611 2341 genitivus
623 2298 707 2322 ante
728 2287 945 2334 particulam
963 2291 1029 2323 uzi.
1051 2286 1169 2335 Steph.
1220 2287 1300 2322 l’ost
1315 2289 1352 2324 9.
1371 2304 1411 2325 τε
1425 2286 1625 2326 desiderari

97 2342 240 2380 τέχνης,
265 2342 402 2380 σοφίας,
427 2336 485 2370 vel
507 2334 661 2372 limilem
684 2348 939 2384 quempiam
920 2348 1002 2370 oen.
1055 2348 1137 2371 cuin
1159 2348 1178 2370 e
1194 2333 1270 2383 sqq.
1295 2336 1346 2371 est
1371 2336 1626 2384 perspicuum.

97 2394 178 2421 tum
190 2397 234 2420 ex
247 2385 443 2420 Suetonio.
470 2382 597 2429 μούσης
614 2385 707 2421 infra
724 2385 818 2420 dicit
839 2384 992 2421 aanor
984 2397 1023 2420 in
1037 2395 1251 2420 narratione
1263 2385 1308 2420 de
1323 2386 1420 2422 ludis
1434 2386 1631 2423 saeculari-

97 2435 167 2472 bus
187 2443 218 2479 3.
240 2442 275 2474 ε,
303 2438 355 2470 16.
377 2434 467 2480 Sylb.
519 2435 579 2470 De
598 2434 633 2470 h
645 2434 669 2470 l.
695 2447 727 2470 v.
749 2435 833 2472 Sch.
858 2434 935 2470 lnd.
948 2457 958 2474 ‚
982 2433 1020 2469 in
1041 2434 1171 2481 primis
1195 2434 1233 2469 P.
1258 2436 1503 2484 FaberAgon
1525 2450 1553 2478 Ι
1569 2448 1629 2480 15

96 2483 293 2532 Berglerus
314 2483 407 2530 legit
424 2478 593 2528 θεάματι-α’
611 2499 650 2521 τε
671 2481 799 2528 μοῦσης
818 2492 872 2520 καὶ
893 2489 956 2527 ἔσχ
991 2494 1023 2519 7.
1071 2486 1174 2528 Qae
1195 2467 1436 2520 emendatioo
1432 2485 1632 2523 confirma·

97 2545 157 2571 tur
176 2535 264 2568 loco
285 2545 329 2569 ex
355 2542 386 2579 3,
404 2541 439 2575 8,
464 2529 677 2578 16-1aov'euc
699 2540 740 2570 τέ
761 2533 943 2579 ὑποκριτὰς
968 2541 1023 2569 καὶ
1048 2536 1200 2592 ἀνδρείας
1229 2538 1377 2578 μιμητὰς
1397 2535 1631 2580 μετατεμψᾶ-

95 2596 215 2642 μενος
251 2582 302 2617 cf·
318 2596 352 2628 4
367 2587 413 2644 ’,6,
435 2583 671 2628 4.(c'137.nruq
693 2587 728 2620 δὲ
749 2584 804 2622 xus*
834 2599 869 2623 u·
858 2589 980 2625 [ozor.
1023 2580 1124 2627 ὖτσκρ
1128 2578 1197 2623 troi
1211 2599 1266 2644 τεν
1279 2589 1392 2625 πάσης
1412 2600 1540 2629 μουσης
1571 2601 1626 2628 ’uu

98 2627 273 2677 ἐςχοῖσεως
288 2655 299 2672 ,
335 2633 402 2668 πᾶν
421 2646 473 2671 τε.
502 2650 518 2669 ο
537 2647 599 2677 περ
618 2636 737 2674 ἐκεῖνος
759 2632 796 2669 δι’
816 2631 930 2674 ἡδονῆς
956 2628 1042 2674 ἔσχε
1066 2634 1184 2674 θέαμα.
1205 2649 1223 2673 η
1244 2629 1303 2667 ἄιε
1291 2647 1413 2676 veum.
1436 2638 1629 2680 διεφθείρε-

97 2683 168 2724 το.)
197 2692 237 2717 et
255 2692 289 2723 ς,
315 2694 349 2722 2,
372 2693 405 2724 9.
437 2681 608 2727 (ἔρχῃ-ῶν
638 2697 677 2719 τε
709 2685 805 2721 θέαις
835 2680 889 2722 καλ
917 2686 1029 2721 πάσης
1056 2697 1108 2724 με·
1102 2695 1184 2722 σης
1215 2679 1373 2724 κινήσεώς
1395 2700 1432 2720 τε
1457 2681 1630 2728 εὐρύθμου

98 2727 294 2789 toronen-aie
309 2733 523 2777 σχολάζω.)
550 2729 668 2766 Leisn.
721 2729 818 2777 (Qi
853 2739 892 2765 et
921 2730 961 2764 in
991 2731 1139 2765 m...'x1s
1167 2731 1277 2778 b'g.,
1281 2733 1333 2770 ,l’.
1356 2733 1447 2781 lcgit
1466 2736 1632 2778 θεάματά

102 2791 140 2816 π
157 2773 285 2825 μέσης
307 2779 360 2823 καὶ
381 2784 459 2827 ¹⁶74·
481 2779 532 2818 ob
554 2790 589 2829 3,
607 2788 642 2823 ι,
664 2782 722 2817 16.
726 2785 750 2803 ‘⁶
778 2789 815 2817 at
837 2778 903 2817 sub
922 2778 973 2817 N.
997 2780 1069 2815 Ox.
1082 2803 1094 2821 ,
1127 2780 1242 2828 estp.
1263 2780 1371 2818 etSb.
1393 2774 1632 2824 conflata,et
