1772 3158
144 62 162 71 x

175 122 354 170 LIBER
371 122 405 168 Ι.
435 120 664 168 ῦΑΡ.Χν.
697 119 749 168 A.
767 121 820 168 V.
839 114 897 168 (3.
913 114 1026 179 9'45.
1063 117 1202 166 CHR.
1221 118 1285 166 N.
1311 129 1417 178 ¹9²·
1485 110 1584 179 649

81 243 157 289 τοῦ
188 237 305 307 ζώω
336 237 442 309 Off?
472 237 597 288 κατά
634 257 684 287 τε
702 238 722 272 f
745 257 818 302 με-
855 245 973 289 enim
994 257 1095 288 cum
1117 241 1233 287 ferae
1248 243 1396 306 primo
1416 242 1589 307 impetu

82 315 255 377 τῶπου,
290 315 314 371 ἢ
332 311 457 364 κριτοὶ
478 309 669 385 καςᾶίας
689 313 818 382 ἕφεςε
853 318 920 365 vel
943 319 988 363 in
1009 317 1168 372 fronte,
1209 318 1277 364 vel
1299 320 1346 364 in
1367 318 1499 364 corde
1523 320 1588 364 in·

81 388 154 447 τὴν
183 389 361 456 πληγήν
381 403 420 437 g·
452 390 528 440 καὶ
562 383 770 438 οὐᾶέποτε
792 391 812 422 h
849 392 1014 440 ferebat
1047 389 1202 439 ianm.
1277 402 1321 439 et
1358 409 1590 456 nunquam

169 511 210 556 f)
233 510 298 542 Ms.
318 508 371 541 82.
385 509 465 541 κατέ
487 519 526 545 γε
546 503 680 545 {ananau
698 507 713 540 ἦ
732 510 812 539 κατὰ
829 507 950 549 καρδίαν
968 508 1039 544 ἔφη
1071 516 1106 538 ν.
1126 507 1174 538 Ν.
1243 504 1281 548 g)
1305 505 1372 538 Hic
1389 505 1421 536 in
1443 509 1508 539 Ms.
1531 507 1588 546 Bg.

81 554 203 587 iterum
222 556 381 597 punaum
401 564 476 585 cum
505 553 672 584 elemento
694 561 795 593 parvo
820 551 852 582 in
874 551 919 592 sq.
937 561 1035 582 voce.
1107 550 1146 595 h)
1176 550 1199 582 E
1216 551 1354 592 regione
1372 551 1442 592 Stp.
1465 554 1519 581 ed.
1539 556 1591 582 καὶ

81 602 179 632 efficat.
200 607 292 631 erant
314 599 346 630 in
367 599 466 640 Excp.
486 600 577 631 eMs.
596 599 650 631 Ba.
669 596 799 629 οὔδεποτ·
816 599 845 633 ἐς
864 609 973 634 enom,
1004 595 1061 628 sed
1082 597 1148 629 οὐδέ
1163 610 1199 630 π.
1221 596 1254 627 in
1274 597 1314 628 A.
1334 605 1409 628 cum
1432 596 1468 629 B.
1486 604 1518 628 1.
1537 597 1592 634 R.‚

82 654 123 678 ut
138 647 169 676 αὖ
190 645 222 676 δι’
238 657 279 677 π.
293 645 326 675 in
346 644 382 676 Β.
396 652 426 675 1.
444 645 503 681 l...,
527 652 561 675 v.
577 642 626 676 N.

78 745 116 781 p.
135 745 277 779 194.m·
299 732 348 770 G.
367 732 439 770 Th.
460 732 500 770 in
519 746 554 770 v.
573 733 718 782 pariter
736 745 788 775 e..
823 730 886 769 sed
904 744 988 778 449,
1007 744 1066 779 95.
1094 732 1243 779 „fimuh
1277 743 1345 780 pro
1366 742 1448 768 cum
1461 755 1473 773 ,
1507 729 1593 776 (im-

79 794 145 818 mo
163 782 291 830 potius
312 795 376 830 per
391 781 534 830 ellipfin
563 783 674 820 huius
695 794 819 830 praep.
847 781 1011 828 demum)
1033 783 1129 832 regit
1154 783 1223 819 abi.
1241 801 1279 809 -
1305 779 1366 817 sic
1387 781 1492 816 suum
1518 777 1593 824 ἅμα

80 833 148 869 Gr.
166 843 252 868 cum
271 832 345 869 dat.
365 831 543 879 copulare
561 831 710 869 solemn
738 831 900 868 faciente
919 833 1003 867 Sch.
1025 831 1068 867 in
1088 831 1192 868 subst.
1212 834 1247 878 ζ.
1269 831 1450 878 cumBg.‚
1472 828 1596 872 (cuius

78 880 159 916 Lat.
178 881 225 917 ad
246 879 322 927 ὅςμ.
342 880 379 917 h.
393 883 416 917 Ι.
441 881 463 916 i.
478 893 513 928 q.
535 881 728 926 incursus,)
748 881 807 917 sed
828 883 904 928 Stp.
919 881 994 916 Th.
1014 882 1124 928 plane
1144 892 1227 916 cum
1248 882 1286 917 Ρ.
1301 892 1335 919 2,
1351 883 1456 924 1446.
1470 879 1508 915 E.
1527 890 1594 925 per

79 930 174 966 haec
201 926 350 974 »ἔμα-
371 935 461 968 κατά
478 944 565 967 τε-
582 931 680 967 malo
703 948 731 968 κ.
752 933 864 967 τοῦ-
880 947 956 976 μετ.
973 950 1008 958 -
1028 937 1118 966 πμ(
1146 941 1223 976 quo
1242 929 1288 965 de
1308 941 1418 968 mox,
1445 940 1596 975 compa-

80 979 170 1015 ratis
188 980 299 1015 etiam
322 993 344 1015 e
367 979 505 1015 Nostro
522 985 585 1023 τὰς
603 979 740 1027 πρώτας
758 979 884 1026 ὁρμὰς,
926 980 971 1016 ad
999 991 1108 1026 quam
1131 978 1316 1015 rationem
1333 977 1436 1013 addit
1454 979 1518 1026 ssg.
1548 974 1596 1012 li-

81 1028 170 1065 bere
189 1027 260 1064 adi.
279 1028 359 1070 hic,
382 1027 538 1065 fortaffis
556 1044 576 1066 e
597 1030 635 1065 P,
657 1029 722 1065 ino
742 1039 782 1064 ut
797 1030 953 1077 primum
973 1028 1036 1064 rei.

87 1104 105 1138 -ἦ
129 1082 216 1114 κατ-ἁ
233 1078 289 1118 τε)
314 1079 341 1114 F
344 1088 416 1113 ort.
436 1082 528 1118 κατὰ
545 1081 605 1116 τοῦ
620 1095 694 1124 μετ.
712 1078 830 1127 Steph.
877 1078 1088 1115 Delendum
1101 1081 1165 1120 τὲ,
1192 1086 1258 1112 aut
1271 1076 1344 1126 leg.
1358 1082 1450 1115 κατὰ
1466 1078 1529 1113 τοῦ
1545 1091 1598 1122 μ..

82 1135 104 1169 ἠ
123 1131 212 1162 κατ-ἄ
229 1135 290 1168 τῆς
311 1131 405 1172 καςδ.
430 1125 549 1163 Reisk.

180 1176 259 1222 S‘P·
281 1176 354 1211 Th·
373 1188 407 1210 vr·
430 1188 533 1220 πλὴν.
556 1187 588 1222 3,
609 1184 689 1221 392.
708 1176 757 1212 D.
787 1188 873 1222 „ap.
889 1174 1048 1211 Herodi.
1072 1181 1185 1221 <pegma
1202 1173 1266 1217 τιῗν
1281 1187 1366 1216 vra-2
1391 1175 1522 1211 'vulnus
1539 1175 1599 1212 in·

78 1224 179 1262 ferre
192 1248 204 1263 ,
243 1226 440 1261 vulnerare
464 1224 488 1260 s·
505 1225 694 1272 sauciare,
728 1235 773 1260 ut
792 1225 906 1262 vertit
936 1225 1015 1260 1³01.
1034 1224 1057 1261 Ι.
1077 1236 1105 1259 1.
1131 1221 1204 1267 ἅμα
1217 1243 1257 1251 -
1271 1228 1363 1263 κατὲε
1381 1227 1443 1260 τοῦ
1464 1241 1540 1268 μετ.
1557 1242 1599 1251 --

79 1269 234 1316 πληγῆν·
271 1273 326 1315 καὶ
345 1273 374 1310 ὅ.
393 1294 429 1302 -
447 1278 559 1318 ἐσχ.“
594 1273 641 1310 fic
664 1272 784 1309 statim
810 1274 916 1310 edito
939 1275 1025 1315 τοῦ,
1061 1273 1187 1321 quod,
1223 1284 1298 1309 una
1319 1284 1404 1308 cum
1423 1272 1496 1310 inis
1519 1274 1600 1314 Rs..

79 1321 282 1358 violentius
303 1322 376 1362 est,
403 1334 513 1369 quam
534 1324 600 1359 Ms.
623 1328 687 1368 γὲ,
723 1322 878 1360 multam
905 1323 1044 1359 habens
1065 1321 1435 1359 commendationem
1464 1333 1546 1359 tum
1576 1334 1599 1358 a

78 1371 207 1412 sensu,
233 1383 300 1418 pro
319 1371 562 1420 restringente
580 1372 602 1408 s
627 1371 835 1410 definiente
851 1373 930 1409 Lat.
948 1372 1097 1420 quidem,
1122 1382 1205 1408 tum
1224 1373 1269 1408 ab
1287 1371 1377 1412 usu,
1406 1370 1548 1418 quippe
1560 1383 1602 1409 et

79 1419 169 1456 alibi
190 1419 348 1467 pontum
368 1433 424 1468 ap.
448 1421 568 1458 Nostr.
589 1421 667 1469 post
685 1434 831 1469 praep„
852 1433 931 1458 turn
954 1421 1121 1469 denique
1142 1433 1161 1456 a
1182 1431 1361 1469 perpetua
1377 1419 1603 1457 confusione

80 1468 366 1506 maiuscularum
384 1470 596 1507 litterarum
614 1481 637 1508 r
658 1481 695 1507 et
714 1479 766 1512 Τ,
794 1470 890 1507 nihil
907 1482 1030 1507 tamen
1053 1480 1097 1506 ut
1117 1469 1293 1506 monstret
1310 1469 1350 1505 in
1370 1469 1466 1505 hanc
1486 1469 1601 1518 parti-

80 1519 200 1555 culam
222 1519 256 1553 Ρ.
276 1529 316 1556 et
333 1518 420 1555 hinc
438 1522 521 1567 Eg„
547 1521 609 1558 sed
630 1531 788 1568 uterque
808 1519 934 1568 potius
957 1519 1064 1556 aliam
1087 1518 1166 1556 lest.
1180 1544 1191 1561 ‚
1217 1514 1236 1561 i)
1258 1523 1399 1556 κατᾰ-
1419 1514 1539 1562 {aare}
1549 1539 1602 1561 —2

80 1567 140 1605 bis
161 1566 274 1614 pofita
298 1567 525 1611 distinffiva,
559 1568 656 1617 quasi
680 1570 779 1617 prior
801 1569 980 1606 exciderit
999 1571 1043 1606 ab
1072 1568 1203 1606 ultima
1222 1567 1352 1605 eadem
1371 1568 1411 1604 in
1432 1569 1603 1618 praeced.

81 1616 187 1652 subst.
207 1615 294 1661 ὅςμῇ
315 1615 460 1658 littera,
487 1629 528 1653 ac
548 1625 589 1656 τέ
607 1617 770 1655 inaniter
788 1632 807 1654 a
826 1617 976 1654 librario
995 1618 1039 1654 fit
1055 1627 1184 1654 ortum
1202 1630 1223 1653 e
1242 1630 1297 1665 pr.
1315 1633 1384 1659 τι,
1411 1617 1435 1654 s.
1458 1619 1540 1666 esq.
1558 1633 1602 1664 με

82 1663 261 1701 fimilibus
276 1688 287 1704 ,
317 1666 421 1712 quod
437 1673 478 1704 τὲ
497 1667 647 1708 nescio,
676 1679 723 1702 an
744 1667 829 1714 quis
849 1667 1030 1704 sustentet
1049 1666 1119 1707 fic,
1155 1678 1201 1703 ut
1218 1664 1404 1703 referatur
1424 1669 1469 1703 ad
1488 1667 1539 1715 sq.
1565 1661 1604 1709 ἢ.

83 1726 153 1763 pro
173 1712 313 1759 duplici
334 1710 354 1756 ἢ
375 1734 411 1744 --
433 1711 473 1757 i),
501 1715 548 1751 cf.
572 1727 606 1756 1,
629 1727 686 1756 10,
710 1727 832 1758 11.e.,
863 1727 949 1751 curn
969 1716 1043 1754 h.1.
1065 1725 1258 1762 repetatur
1277 1727 1330 1759 pr·
1350 1721 1451 1758 κατὰ,
1474 1715 1606 1753 restio-

83 1775 158 1810 que
180 1764 246 1799 Gr.
270 1762 394 1808 potius
415 1764 579 1812 requirat
595 1770 687 1802 κατά
706 1780 745 1802 τε
762 1780 860 1808 μετ.,
888 1760 907 1806 3)
927 1768 1045 1809 καρδ..
1075 1775 1147 1800 nec
1165 1763 1368 1809 repererim
1384 1776 1449 1812 que
1469 1785 1505 1792 -
1525 1773 1605 1807 aut,

83 1812 146 1849 sed
168 1811 283 1848 modo
300 1821 382 1847 et—
399 1823 483 1855 aun
518 1812 609 1850 ficut
629 1814 668 1850 in
682 1814 752 1849 Ms.
773 1812 836 1850 ine
857 1825 930 1849 acc.
946 1817 1084 1860 καρδίαν
1100 1812 1229 1860 prodit
1245 1824 1425 1855 errorem,
1450 1813 1490 1850 in
1509 1830 1526 1857 ς
1539 1825 1607 1852 ειν

84 1860 295 1900 solennem,
326 1861 470 1908 potius,
497 1874 609 1910 quam
628 1862 841 1909 exemplum
861 1861 965 1898 verbi
987 1875 1072 1899 cum
1091 1872 1215 1908 praep.
1234 1861 1365 1898 eadem
1385 1862 1426 1899 in
1446 1862 1526 1900 casu
1548 1862 1607 1900 di-

83 1910 190 1946 verso
211 1921 254 1946 ac
273 1909 377 1946 sensu
399 1909 556 1953 eodem,
585 1923 691 1953 cum,
726 1911 750 1947 fi
770 1912 955 1948 Glossator
986 1912 1033 1948 de
1054 1910 1232 1948 industria
1252 1911 1344 1958 quid
1366 1912 1405 1947 in
1426 1912 1503 1949 casu
1526 1924 1610 1949 mu·

85 1970 231 1999 taturus
248 1971 345 2000 erat,
379 1959 535 1996 dedisset
554 1961 655 1997 idem
676 1960 717 1997 in
738 1972 790 2007 pr.
809 1968 986 2006 μέτωπον,
1024 1959 1087 2007 qui
1108 1971 1182 1996 acc.
1212 1972 1298 1996 cum
1323 1962 1439 1998 verbo
1461 1972 1606 2003 motus,

86 2008 197 2056 quale
217 2007 278 2044 hic
297 2018 393 2055 osy„
420 2010 542 2046 multo
561 2009 821 2058 frequentior,
847 2021 957 2057 quam
975 2021 1081 2058 gen„
1107 2021 1220 2058 quem
1240 2008 1279 2045 in
1297 2022 1349 2057 pr.
1367 2015 1468 2052 κατὰ,
1496 2011 1607 2059 igno-

86 2070 207 2093 ratum
226 2070 246 2093 a
262 2058 342 2103 Stp.
363 2057 460 2099 Th.,
493 2072 527 2094 v.
551 2071 609 2105 ap.
634 2058 688 2094 Fi.
706 2059 750 2095 ad
774 2059 886 2097 well.
906 2071 943 2105 p.
961 2069 1045 2106 370.
1062 2058 1112 2099 i..
1151 2056 1200 2095 cf.
1221 2070 1315 2106 quae
1332 2059 1380 2095 de
1405 2064 1457 2096 ἐπὶ
1481 2071 1519 2095 et
1538 2058 1607 2098 ὖπδ

87 2106 193 2152 supra
216 2105 397 2147 diximus;
433 2107 603 2144 servante
625 2109 683 2155 eg.
701 2121 722 2143 e
741 2109 780 2144 P.
791 2109 872 2145 Lat.
891 2107 938 2143 ad
958 2120 1011 2155 pr.
1032 2112 1144 2149 κατὰ,
1169 2107 1292 2156 (quod
1305 2108 1432 2154 potius
1444 2109 1495 2146 est
1505 2109 1608 2147 aliud

88 2157 156 2191 Gr.
174 2160 226 2192 ἐπὶ
245 2152 425 2198 μετώπου.
455 2158 504 2194 cf.
525 2157 604 2195 Ind.
625 2158 668 2194 Z.
689 2159 786 2194 Xen.
803 2157 908 2205 Cyr.)
936 2169 1016 2193 non
1040 2157 1133 2193 item
1157 2154 1198 2192 in
1225 2155 1386 2193 formula
1407 2162 1461 2202 ἐφ.
1479 2175 1512 2196 τ.
1532 2171 1606 2198 vra..

86 2205 132 2240 ad
148 2216 260 2252 quam
281 2205 360 2252 Sep.
383 2205 457 2240 Th.
482 2206 506 2241 Ι.
526 2206 550 2243 Ι.
571 2219 607 2253 p.
629 2219 681 2252 pr.
705 2207 742 2242 E.
763 2205 862 2255 sqq„
899 2217 1045 2253 praeter
1063 2216 1275 2253 comparata
1293 2219 1352 2243 mx.
1370 2211 1549 2252 ἐμβάλλειν
1567 2218 1607 2245 et

86 2261 310 2298 καταφέρειν,
343 2256 454 2300 (quae
473 2253 542 2291 fint
563 2255 688 2302 potius
712 2258 775 2305 Bg.
796 2255 982 2304 compos.)
1005 2254 1111 2292 affert
1127 2255 1258 2292 ePiut.
1278 2261 1369 2292 κατὰ
1389 2259 1450 2293 τοῦ
1463 2260 1607 2302 αὐχένος

87 2301 224 2346 πληγὲν
242 2299 443 2347 κατήνεγκεν
456 2329 468 2346 ,
503 2316 569 2351 pro
589 2317 666 2352 quo
689 2305 823 2342 Noster
850 2306 913 2341 dat
938 2303 1088 2352 simplex
1108 2317 1163 2345 v..
1205 2315 1269 2351 per
1291 2304 1328 2340 se
1346 2305 1384 2340 id
1404 2305 1607 2343 valiturum

88 2352 176 2390 sane
188 2363 256 2399 pro
271 2352 457 2398 compos..
485 2364 528 2389 ut
537 2356 577 2390 St
608 2354 688 2390 .1.1.
703 2356 781 2391 Lat.
795 2357 858 2403 Bg.
871 2352 946 2401 ipse
957 2354 1154 2402 proponit,
1178 2351 1221 2390 it.
1233 2367 1270 2400 4.
1284 2361 1341 2393 8¹·
1360 2356 1397 2390 F.
1410 2366 1443 2391 e.
1470 2365 1536 2401 ,,φ.
1550 2355 1607 2391 ἰη-

80 2401 196 2450 fero,
230 2400 316 2438 Hes.
337 2398 513 2443 πόλεμυνῑῑ
539 2415 560 2438 e
597 2411 674 2440 cut.
693 2405 804 2441 Herc.
825 2417 861 2441 v.
876 2414 978 2447 150„
1000 2414 1154 2451 tropum
1173 2402 1392 2440 tenentibus
1414 2413 1453 2440 et
1471 2404 1608 2441 nostra-

88 2449 192 2487 tibus
211 2449 251 2486 in
271 2450 347 2485 eine
366 2452 543 2493 Wunde,
579 2453 679 2489 einen
700 2452 834 2490 Schuss
862 2453 1095 2501 bqybringem
1139 2463 1250 2500 quem
1282 2451 1493 2496 soluturus,
1529 2465 1610 2492 utar

86 2497 221 2551 potius
239 2498 412 2535 severiori
438 2500 565 2548 aliquo
586 2515 618 2538 v.
641 2502 748 2549 privo
770 2503 870 2545 Lat.,
893 2503 1006 2543 icere,
1034 2500 1410 2548 percutere‚ferire’;
1442 2503 1610 2540 variante

89 2548 229 2586 Nostro
251 2560 316 2595 per
335 2547 478 2596 phrasin
499 2561 567 2597 pro
585 2550 619 2598 §.
638 2564 691 2599 pr.
715 2565 762 2588 m.
785 2550 890 2600 privo
914 2563 946 2586 v.
967 2548 1114 2597 ἔβαλλε,
1146 2549 1206 2586 sed
1227 2549 1322 2586 nihil
1343 2550 1547 2598 praebente
1558 2553 1608 2589 G.

90 2598 166 2634 Th.
187 2597 225 2633 in
245 2599 422 2646 v.ferre‚
450 2611 520 2635 nec
543 2611 610 2646 pro
628 2601 790 2643 inferre,
816 2600 876 2637 sed
898 2613 965 2647 pro
987 2598 1139 2641 afferre,
1175 2597 1225 2635 cf.
1248 2603 1332 2645 636,
1358 2611 1409 2648 13.
1424 2626 1435 2644 ,
1465 2613 1511 2638 ut·
1532 2615 1610 2638 rno-

92 2647 143 2683 do
166 2646 205 2682 in
229 2649 290 2694 Bg.
322 2659 406 2683 cum
434 2646 538 2685 subst.
558 2650 707 2692 vulnus..
742 2663 782 2687 et
808 2651 848 2686 in
872 2651 943 2685 hoc
969 2647 1075 2685 subst.
1089 2650 1201 2697 ferre
1226 2650 1422 2686 rastrorum
1454 2653 1610 2690 vulnera

94 2696 168 2732 alio
186 2695 313 2737 sensu,
347 2707 390 2733 ut
408 2708 447 2733 et
465 2709 611 2735 tantum
630 2701 713 2747 Stp.
735 2699 912 2736 formulas
926 2722 937 2738 ,
974 2709 1054 2734 non
1077 2698 1167 2735 item
1190 2698 1347 2735 nostram
1360 2722 1372 2741 ,
1406 2700 1608 2749 prodidere

94 2746 202 2783 lndd.
225 2748 332 2783 Dem.
355 2748 447 2783 [uc.
467 2746 584 2787 Dion.
605 2750 654 2786 Η.
677 2750 791 2786 Diod.
810 2751 846 2787 S.
870 2760 909 2786 et
926 2749 1021 2785 Xon.
1043 2748 1084 2784 Z.
1106 2747 1183 2783 1‘01.
