1798 3163
156 91 342 139 mmm<
364 90 398 135 1.
437 90 634 149 CARV.
674 91 728 134 A.
750 89 808 134 v,
829 88 879 132 c.
907 98 1030 143 933.
1071 76 1214 135 CHR.
1237 87 1441 137 N.180.
1512 100 1607 144 151

101 208 235 277 „vrgo't
251 205 370 269 ,ὑμῶν
393 199 568 259 ἤλπικα
590 209 618 262 ⁶,
649 203 731 251 τῶν
757 201 832 266 μὲν
867 202 1188 254 benevolentiam
1218 221 1280 252 me
1302 202 1612 271 consecuturum

79 279 434 351 ’,πςεσβυτέξων
468 277 488 303 ‘¹
535 276 725 347 τξσφεῒοί
761 299 833 343 μοι
868 297 898 329 a
925 278 1040 328 vohis
1071 277 1236 347 ήκω,
1283 278 1526 348 senior-ibus
1563 288 1611 329 ut

43 445 52 448 ,
187 414 219 448 t)
243 413 315 444 Hoc
342 419 469 441 comma
495 407 626 450 placuit
649 408 748 439 nobis
773 417 847 438 cum
868 408 933 440 Ox.
957 406 998 438 al.
1019 415 1053 436 cr
1070 408 1136 438 Ms.
1159 405 1213 444 Eg.
1228 426 1239 442 ,
1274 416 1333 445 pro
1353 407 1430 437 colo
1451 408 1520 448 Sep.
1543 408 1605 440 rel.

73 477 77 480 ·
99 464 134 490 et
151 457 272 498 Ρυηᾶο
290 457 355 490 al.,
389 465 424 485 v.
443 455 488 487 N.
557 454 594 496 d)
622 455 654 485 ln
676 454 738 485 λἰς.
756 454 812 484 Ba.
833 453 885 483 hic
907 451 950 482 est
970 462 1097 483 comma
1112 473 1121 485 .
1153 461 1188 481 ac
1212 450 1283 489 post
1305 454 1355 488 ἐφ.
1381 451 1497 482 itidem
1519 462 1606 484 non-

95 501 158 534 nisi
181 510 322 534 comma.
345 501 453 534 Mart.
483 498 580 530 Prius
598 505 726 529 comma
746 497 791 528 est
808 507 944 538 quoque
967 498 999 526 in
1022 499 1085 532 A„
1118 495 1171 528 sed
1195 495 1266 536 post
1285 499 1332 533 ὅΦ.
1352 507 1480 528 comma
1499 498 1532 528 in
1551 498 1605 530 Bs.

99 555 132 583 1.
154 547 216 583 al.,
248 555 307 586 pro
332 544 454 585 punsto
475 547 518 576 A.
538 553 572 575 et
592 544 686 580 Pat.,
719 542 773 575 sed
799 543 876 573 colo
894 543 962 584 δερ,
982 544 1065 579 rel„
1099 550 1130 575 v,
1148 541 1195 573 N.

92 643 227 682 modus
244 643 389 691 speret,
425 643 531 685 fore,
564 655 608 681 ut
625 642 808 679 exercitus
827 654 866 678 et
886 642 1047 679 militum
1064 640 1368 679 benevolentiam
1395 641 1606 689 consequa-

95 705 154 730 tur
174 706 256 731 cum
278 705 404 740 patre,
432 693 454 728 s.
475 705 592 741 aeque
609 706 648 730 et
666 692 851 732 similiter,
876 705 917 727 ac
938 703 1052 739 pater.

94 773 98 777 .
142 750 207 780 τῶν
224 749 282 788 μὲν
304 741 379 788 π’ρ.)
408 743 486 779 l’ol.
515 755 619 791 quum
643 751 710 792 pro
740 744 891 777 alumno
919 755 971 777 me
993 753 1083 777 natu
1110 742 1261 777 maiores
1285 742 1420 778 habere
1441 741 1602 776 debeant.

94 792 204 829 Refte
219 817 228 831 ‚
255 791 278 827 fi
298 791 442 828 sensum
462 791 611 838 spectes.
660 791 771 829 Reste
791 791 901 828 etiam
915 794 978 839 Eg.
996 807 1005 832 ς
1034 803 1076 826 ex
1099 803 1174 838 quo
1195 789 1298 827 simul
1317 803 1435 836 patet,
1453 794 1601 836 τροφεῖα

93 840 156 879 hic
178 840 247 878 css'e
270 853 347 877 non
368 840 596 887 praemium,
623 842 666 877 ab
685 843 834 876 alumno
856 853 922 886 pro
941 841 1164 876 educatione
1185 839 1347 876 nutritio
1371 839 1509 879 datum,
1538 838 1602 874 sed

94 890 237 931 officia,
263 891 418 926 alumno
440 890 576 926 debita.
627 893 724 938 Ergo
744 893 899 934 τραφεῖσιν
934 889 1168 933 1)0fficium‚
1195 888 1297 936 quod
1321 902 1386 933 pro
1407 887 1602 925 educatioa

91 952 144 976 ne
171 939 351 983 'debemus
390 939 577 982 nutritiis,
623 942 658 984 2)
688 939 852 975 officium
866 963 875 979 ‚
924 940 1025 986 quod
1063 937 1238 973 nutritius
1281 937 1392 972 debet
1419 938 1600 973 alumno.

93 989 227 1025 Eadem
247 989 303 1024 vis
320 988 423 1024 vocis
442 988 511 1025 effe
532 988 679 1025 videtur
699 1000 756 1034 ap.
775 987 943 1037 Aeschyl.
965 987 1000 1022 in
1023 988 1123 1032 Sept.
1143 998 1173 1021 c.
1193 986 1266 1021 Th.
1286 998 1319 1020 v.
1340 994 1423 1032 483.
1452 999 1491 1022 et
1510 987 1598 1022 Eur.

92 1039 175 1074 lon.
194 1051 226 1073 v.
247 1046 327 1081 852.
347 1038 463 1074 Leisn.
494 1046 593 1082 τροφ.
610 1053 687 1081 μοι,
722 1036 785 1084 qui
812 1035 851 1070 in
883 1037 1007 1071 locum
1034 1035 1146 1081 patris
1167 1034 1409 1077 successerim,
1442 1035 1598 1083 eiusque

93 1087 283 1129 personam
304 1086 592 1134 repraesentem,
629 1084 695 1133 qui
716 1097 818 1131 pater
840 1097 944 1121 meus
966 1097 1031 1119 vos
1053 1084 1216 1120 seniores
1230 1108 1240 1124 ,
1275 1084 1390 1121 veluti
1421 1096 1523 1130 pater
1551 1083 1599 1120 li-

75 1137 202 1174 ,beros
215 1161 225 1177 ,
249 1134 352 1171 aluit.
405 1136 645 1182 Quapropter
664 1135 759 1170 hanc
778 1134 869 1170 rnihi
892 1135 1034 1170 debetis
1052 1133 1261 1170 mercedem
1278 1133 1522 1173 nutritionis,
1553 1143 1599 1170 ut

89 1196 151 1220 me
170 1179 343 1231 diligatis.
369 1182 486 1220 Reisk.

185 1233 260 1268 Istis
281 1233 404 1269 Leisn.
428 1231 520 1268 locis
541 1232 659 1270 utitur
679 1232 791 1270 etiam
812 1231 938 1268 Valck.
960 1233 1004 1269 ad
1023 1232 1106 1269 Eur.
1125 1232 1191 1268 Ph.
1214 1244 1249 1279 p.
1266 1240 1321 1273 18.
1335 1245 1364 1267 a·
1379 1246 1431 1271 e..
1458 1231 1519 1268 sed
1530 1244 1600 1268 no-

87 1281 196 1319 tione
212 1282 376 1329 vulgari,
415 1294 486 1330 qua
515 1293 553 1318 et
577 1283 730 1328 capiunt
757 1282 807 1323 ihi
839 1281 969 1318 Acsch.
996 1281 1121 1317 Schol.
1145 1278 1190 1326 β’,
1225 1286 1270 1318 τὰ
1297 1277 1496 1326 &oenias-aa
1525 1286 1597 1323 τοῖς

88 1333 252 1388 τροφεῦσι
266 1338 376 1377 γέρα.
403 1343 442 1367 et
458 1333 564 1366 Barn.
585 1332 630 1367 ad
651 1332 734 1368 Eur.
762 1337 942 1378 υτξοῷεῖκ,
955 1352 991 1358 -
1009 1338 1120 1372 ποιννζν
1136 1340 1198 1374 τῆς
1218 1340 1346 1376 τρυφῆς
1357 1329 1460 1368 ἕνεκα.
1482 1333 1598 1367 Hom.

43 1391 47 1411 ὲ
85 1392 199 1417 vocat
215 1383 374 1426 θρέπτρα
392 1391 430 1417 et
447 1378 666 1427 Sesxriq'qiffl‘
693 1393 765 1417 nec
791 1381 882 1417 mihi
904 1381 973 1416 alia
999 1381 1063 1418 illa
1086 1384 1149 1429 ssg.
1172 1394 1210 1417 et
1228 1382 1351 1416 Leisn.
1380 1392 1521 1427 reperta
1547 1379 1598 1416 est

86 1441 155 1478 per
170 1429 304 1470 indm,
337 1430 400 1466 sed
420 1440 564 1466 tantum
585 1432 631 1466 de
650 1430 847 1477 praemiis.
871 1430 1003 1467 officiis
1026 1441 1063 1466 et
1083 1430 1206 1477 gratiis
1225 1443 1291 1476 pro
1310 1429 1524 1466 nutritione
1556 1439 1596 1465 et

83 1477 332 1521 educatione,
362 1478 529 1525 praestita
549 1478 608 1515 illa
628 1491 691 1516 aut
709 1492 727 1515 a
751 1481 987 1526 parentibus,
1011 1490 1053 1516 uz
1071 1480 1188 1515 Dion.
1203 1480 1251 1516 H.
1269 1481 1304 1517 S.
1323 1481 1370 1515 T.
1386 1491 1416 1517 1.
1431 1491 1511 1523 721,
1529 1491 1599 1522 14..
1622 1480 1625 1482 ’

62 1561 71 1563 -
85 1538 151 1566 aut
168 1529 214 1564 ab
234 1527 316 1564 aliis
336 1528 571 1569 hominibus,
599 1542 640 1565 ut
655 1528 768 1565 Diod.
789 1531 826 1566 S.
855 1531 902 1565 T.
924 1543 957 1565 2.
984 1540 1064 1573 552,
1083 1539 1142 1576 93.
1166 1529 1410 1576 ηιᾳνίηιεηια,
1442 1528 1489 1564 cf.
1509 1529 1593 1565 Eur.

56 1596 58 1598 ·
84 1576 153 1614 Ph.
174 1576 236 1614 l.l.
257 1577 291 1617 b,
313 1577 358 1618 i..
385 1589 463 1614 tum
490 1578 533 1613 ab
555 1579 642 1614 urbe
662 1579 778 1616 Dion.
798 1580 844 1615 H.
864 1580 890 1616 l.
909 1579 934 1616 l.
956 1587 1038 1624 348,
1060 1582 1113 1613 16.
1138 1578 1179 1614 it.
1202 1592 1219 1614 a
1242 1578 1355 1625 patria
1373 1578 1492 1614 R.or.
1511 1576 1597 1615 hid.

85 1627 134 1662 V.
153 1629 186 1662 6.
206 1637 246 1662 et
264 1635 297 1667 8.
318 1629 431 1675 Lyc„
458 1626 566 1663 semel
589 1640 677 1664 vero
698 1640 783 1664 cum
802 1640 887 1677 gen.
911 1628 1050 1664 diserto
1070 1636 1132 1670 τῆς
1150 1624 1354 1668 παιδεύσεως
1366 1630 1450 1664 Luc,
1463 1637 1596 1673 3.491.

85 1675 111 1712 Ι.
136 1687 191 1720 15.
215 1675 283 1725 {sta
302 1675 537 1713 educationis
555 1677 769 1713 nutritionis
787 1691 862 1725 que
911 1678 1073 1718 raemia,
1098 1690 1170 1713 nec
1195 1679 1264 1713 alia
1280 1690 1337 1724 ap.
1357 1680 1437 1724 Stp.
1458 1676 1529 1712 Th.
1552 1677 1596 1712 L.

85 1723 172 1760 Ern-
192 1724 296 1761 Suid.
319 1734 351 1770 3,
374 1736 455 1768 509.
476 1739 547 1766 ma,
575 1725 651 1762 fere
672 1739 755 1762 cum
776 1728 873 1764 Scho
893 1757 901 1764 ‚
919 1726 1074 1768 Aesch„
1109 1738 1179 1762 nec
1199 1739 1264 1773 per
1289 1727 1496 1774 analogiam
1525 1724 1595 1761 alia

87 1772 276 1820 procedat,
300 1773 517 1810 cumsimilis
529 1773 904 1816 formationissubst.,
927 1781 1136 1821 υτίκτρεῖον,
1150 1779 1393 1817 &hanania-1,
1411 1779 1594 1821 κηρυκεῖον,

86 1825 281 1867 πρεσβεῖον,
305 1827 446 1866 παρεῖεν.
476 1834 553 1858 non
566 1823 860 1865 aliterdicantur,
886 1823 951 1861 nisi
965 1823 1034 1866 fic.
1059 1836 1102 1861 ut
1114 1823 1247 1867 lintea,
1276 1824 1597 1873 quaeaccipitali-

87 1871 195 1918 quis,
221 1882 253 1904 v.
273 1883 301 1904 c.
323 1871 503 1912 medicus,
523 1884 617 1907 non.
645 1884 736 1916 quac
762 1872 837 1918 ipse
857 1873 919 1909 dat
936 1873 1029 1910 aliis.
1077 1873 1188 1911 Unde
1218 1873 1280 1909 hic
1301 1891 1357 1921 τρ.
1387 1887 1464 1910 non
1496 1874 1597 1914 sunt,

87 1931 182 1966 quae
202 1919 382 1955 nutritius
404 1921 465 1955 dat
485 1931 521 1956 et
539 1921 631 1957 lacit
649 1924 799 1958 alumno
812 1947 822 1961 ‚
850 1922 909 1962 [ed
928 1934 1021 1969 quae
1040 1923 1173 1967 accipit
1194 1924 1238 1959 ab
1256 1923 1428 1964 alumn0;
1464 1923 1597 1959 debet-
1634 1919 1639 1925 '

87 1979 162 2013 que
183 1968 412 2004 Commodus
435 1968 503 2004 effi:
523 1969 709 2011 nutritor,
730 1981 768 2006 et
791 1971 894 2006 senes
909 1970 1045 2008 milites
1065 1971 1134 2007 effe
1155 1971 1296 2009 debent
1315 1972 1467 2009 alumni.
1520 1970 1596 2008 Sed

86 2017 279 2066 quomodo
303 2018 536 2054 Commodus
566 2019 713 2056 iuvenis
739 2020 867 2056 senum
898 2020 1061 2056 nutritor
1079 2019 1185 2066 poffit
1209 2020 1279 2057 effe
1298 2033 1338 2056 ac
1356 2021 1460 2057 dici?
1499 2022 1595 2058 Non

115 2066 261 2108 uidem,
297 2077 338 2102 ut
365 2066 564 2113 imperator
591 2079 713 2105 novus
742 2080 782 2105 et
809 2069 916 2106 huius
941 2070 1142 2115 temporis‚·
1177 2082 1247 2117 qua
1268 2070 1415 2106 ratione
1435 2068 1480 2107 iis'
1497 2082 1596 2107 non-

115 2128 178 2153 um
203 2115 344 2164 aliquid
367 2116 611 2163 praestiterat,
646 2117 749 2164 quod
774 2118 1025 2165 rependerent
1051 2131 1189 2153 amorc-
1247 2119 1307 2155 An
1338 2119 1474 2168 igitur,
1511 2130 1594 2156 tan-

82 2175 196 2213 quam
216 2165 319 2214 regni
339 2164 455 2201 socius
475 2177 515 2202 er
535 2166 647 2212 patris
661 2169 676 2200 ?
723 2169 860 2204 Verum
881 2167 927 2203 {ic
947 2168 1180 2205 Commodus
1210 2167 1320 2204 etiam
1349 2168 1536 2206 tironibus
1556 2180 1596 2206 et

81 2213 282 2252 iuvenibus
301 2213 463 2252 militum
487 2215 627 2262 aliquid
648 2214 847 2257 tribuerat,
875 2229 942 2263 pro
962 2229 1036 2263 quo
1054 2217 1145 2264 grati
1169 2211 1237 2253 esse
1259 2216 1508 2265 bencvolique
1530 2219 1595 2255 de-

85 2263 228 2300 herent.
279 2263 380 2299 Hinc
398 2274 476 2299 non
497 2265 728 2303 Commodus
749 2267 817 2302 erit
844 2264 907 2301 ille
930 2265 1113 2307 nutritor,
1149 2266 1211 2302 sed
1233 2267 1358 2313 potius
1375 2269 1541 2309 Marcus,
1573 2278 1592 2303 a

83 2324 161 2361 quo
181 2311 342 2349 seniores
361 2311 511 2359 quidem
530 2313 618 2351 inde
636 2328 653 2348 a
673 2315 794 2351 multo
814 2326 986 2362 tempore
999 2341 1009 2355 ,
1043 2314 1103 2351 led
1125 2327 1255 2352 recens
1277 2315 1475 2363 conscripti
1498 2316 1596 2353 mili-

84 2373 142 2398 tes
162 2372 307 2398 tantum
330 2373 347 2396 a
369 2361 491 2407 paucis
510 2363 653 2410 aliquot
671 2363 777 2400 annis
791 2390 802 2406 ,
830 2364 1006 2411 stipendia
1025 2376 1064 2400 et
1085 2364 1153 2399 alia
1167 2363 1345 2401 beneficia
1358 2376 1594 2411 acceperant,

83 2410 136 2446 ob
159 2423 254 2457 quae
285 2408 432 2456 utrique
459 2411 616 2450 obstric‘li
642 2413 755 2449 essent
782 2413 827 2448 ad
848 2413 1002 2461 gratiam
1025 2423 1064 2449 ct
1084 2414 1387 2451 benevolentiam
1407 2413 1471 2462 ipli
1493 2417 1595 2452 Mar-

85 2471 132 2497 co
147 2485 158 2502 ‚
185 2471 222 2496 ct
241 2471 327 2496 cum
348 2459 516 2501 vivebat,
546 2473 584 2498 et
603 2463 680 2509 post
699 2475 856 2499 mortem
871 2489 880 2504 .
923 2463 983 2498 ubi
1008 2461 1184 2507 pietatem
1205 2463 1305 2500 illam
1323 2463 1464 2500 solvere
1485 2464 1594 2500 aliter

82 2522 166 2546 non
186 2518 383 2555 poterant,
410 2508 476 2546 nifi
500 2523 624 2548 amore
645 2522 757 2558 atque
777 2511 1040 2548 benevolentia
1059 2513 1100 2548 in
1118 2511 1257 2554 filium,
1284 2513 1364 2550 eius
1385 2523 1486 2550 nunc
1514 2513 1596 2549 suc·

82 2557 280 2598 cefforem3
313 2557 373 2594 cui
391 2558 478 2595 dum
499 2559 683 2598 faciebant
708 2561 742 2596 id
760 2576 767 2595 :
796 2561 899 2597 limul
919 2559 958 2596 in
983 2571 1121 2607 patrem
1142 2561 1236 2609 grati
1256 2562 1503 2602 videbantur,
1541 2562 1595 2599 ei-

113 2620 160 2644 ue
184 2607 390 2660 mercedem
411 2608 580 2653 pristinae
598 2610 816 2647 nutritionis
831 2607 1177 2656 beneficentiamque
1188 2611 1387 2649 exsolvere.
1435 2613 1484 2648 Ut
1501 2611 1594 2647 adeo

100 2655 206 2694 ensus
231 2657 294 2692 hic
314 2660 381 2697 iit,
407 2670 515 2703 quem
537 2659 623 2696 Rsk.
648 2661 773 2701 dedit,
811 2672 878 2695 vos
908 2658 1070 2695 seniores
1090 2659 1235 2697 debetis
1254 2660 1345 2698 mihi
1368 2661 1595 2698 benevolen-

84 2705 175 2751 tiam
197 2704 312 2755 patris
335 2706 473 2743 mortui
492 2707 617 2749 causa,
643 2720 686 2746 ut
704 2721 846 2758 gratum
868 2707 912 2744 fic
932 2707 1095 2745 animum
1114 2708 1313 2746 ostendatis
1335 2721 1487 2759 propter
1513 2709 1594 2747 eius
