1798 3163
209 176 276 221 80
357 170 522 216 LIBER
546 152 592 214 1(
622 170 832 216 CARIH.
869 172 923 216 A.
944 171 1000 215 v,
1024 170 1073 215 c.
1101 181 1224 226 933.
1262 172 1400 218 CHR.
1424 174 1627 222 N.180,

201 282 399 353 ἤλπιζεν·
475 286 522 332 Οὐ
544 284 723 353 μετξῖως
746 277 932 331 ὃάὐτόν
978 302 1056 331 12.
1091 296 1193 335 erat.
1243 282 1249 288 ⁴
1281 293 1395 337 Non
1426 292 1702 340 mediocriter
1734 322 1783 356 <52

200 425 281 464 Cic·
302 424 345 462 ad
370 422 444 461 ὢν·
466 424 517 471 (5⁵
545 436 572 459 ῖ-
595 425 641 469 e·)
666 420 768 471 virg·
786 424 881 459 Aen·
911 434 941 470 ἶ,
967 434 1051 468 547-
1076 433 1115 459 et
1134 422 1231 461 alibi.
1292 424 1458 463 Servius:
1483 423 1633 475 sperare
1653 424 1710 464 est>
1737 461 1741 467 ,
1773 423 1785 471 f⁴

199 476 368 516 futurum
389 473 554 520 opinari,
580 474 723 508 timere.
773 470 898 519 (Unde
918 471 1007 507 haec
1027 472 1168 516 Servii,
1196 473 1331 511 nescio.
1380 477 1439 511 Ad
1461 475 1485 511 l.
1508 476 1535 511 l.
1560 489 1593 511 v.
1618 486 1701 521 543.
1772 481 1776 492 ²

201 537 245 564 at
265 525 404 571 sperate
424 525 501 558 deos
519 534 585 558 etc.
649 519 794 558 Servius
826 520 1017 563 ‚,abufive,
1054 520 1185 557 timete
1201 546 1212 563 ,
1246 534 1289 559 ut
1310 523 1395 560 alibi
1416 527 1510 559 Aen.
1530 539 1568 567 4,
1587 529 1702 570 4¹9-⁴‘

200 588 240 612 v.
260 574 308 611 ib.
331 572 389 610 ed.
411 574 550 619 Heyn.)
571 570 618 606 cf.
641 568 736 605 Voff.
758 573 782 606 1.
801 571 865 605 Or.
892 571 928 606 l’.
942 583 975 607 2.
995 571 1067 615 l.4.
1087 584 1123 618 p.
1138 583 1218 607 222.
1237 571 1286 620 sq.
1315 571 1356 608 it.
1375 573 1520 609 Schott.
1540 574 1629 610 ΟΜ.
1650 575 1700 610 Η.

200 649 240 664 αἱ

197 766 422 820 praesumtio
442 766 555 802 futuri
577 766 660 800 mali
682 764 733 800 dr.
757 768 802 803 ab
820 759 951 802 eodem
974 767 1042 810 (ib.
1068 766 1099 814 §.
1123 767 1188 815 sq.)
1206 774 1330 813 πονηρὰ
1347 773 1451 810 ἐλπίς.
1484 769 1600 804 Leisn.

300 816 374 864 Qui
396 816 441 850 de
462 814 583 849 nostro
604 815 690 849 loco
711 828 744 850 V.
764 816 875 851 etiam
903 815 948 851 ad
967 825 1002 856 8,
1027 831 1055 857 i,
1079 820 1152 858 16.,
1187 830 1208 852 e
1228 818 1331 853 cuius
1361 817 1561 864 propositis
1588 829 1699 865 quae-

197 867 379 905 stionibus·
402 863 515 911 prima
529 888 538 903 ,
570 863 763 909 pertinens
782 865 827 899 ad
851 876 1019 912 tempora
1037 866 1233 901 verborum
1252 866 1389 902 diversa
1407 866 1504 902 inter
1527 867 1562 902 se
1583 879 1699 913 copu·
1738 912 1743 921 Ι
1795 880 1797 888 ’

196 919 268 954 lata
281 941 292 956 ,
321 927 400 950 non
419 914 529 948 habet
550 912 801 950 difficultatem
815 939 826 955 ,
852 914 914 950 sed
934 915 1047 950 altera
1068 914 1114 950 de
1138 914 1241 951 sensu
1260 914 1309 950 est
1327 915 1521 951 verborum
1535 942 1545 957 ,
1574 926 1698 954 utrum

194 963 440 1015 synonymice
462 962 567 1003 stent,
597 973 643 997 an
661 963 811 1010 proprie
829 976 869 998 ac
888 962 1027 1000 diversa
1051 964 1230 1005 notione,
1254 970 1411 1012 quorum
1431 962 1607 1011 posterius
1622 977 1698 1000 am·
1750 972 1752 974 ’

193 1015 293 1064 plexi
325 1013 408 1049 sunt
433 1014 549 1058 lnrtp.
583 1012 664 1047 Lat.
694 1025 733 1048 et
763 1014 876 1050 Vern.
910 1025 994 1048 cum
1016 1014 1100 1048 Sch.
1119 1014 1158 1048 in
1179 1018 1275 1053 ἕλον..
1312 1014 1374 1060 qui
1403 1013 1442 1048 in
1477 1017 1546 1055 ,,ἐδ.
1572 1013 1694 1060 plusq.
1755 1032 1782 1043 ι,

193 1062 314 1113 fignif.
333 1060 479 1107 imperf.
497 1062 696 1097 metuebat“
722 1063 826 1109 quod
843 1073 991 1107 tempus
1012 1064 1089 1110 Stp.
1112 1064 1186 1097 Th.
1206 1063 1318 1098 habet
1335 1062 1410 1098 fine
1429 1065 1574 1098 auctore
1588 1087 1597 1103 ,
1624 1072 1696 1098 nec
1731 1058 1734 1063 ’
1752 1070 1767 1098 ¹i

193 1114 341 1153 locum,
366 1111 426 1146 ubi
446 1110 642 1157 copuletur
661 1122 742 1146 cum
763 1116 861 1152 ἐ).π.,
884 1111 989 1147 cuius
1011 1111 1192 1148 notiones
1220 1123 1249 1151 r,
1277 1121 1377 1154 1198.
1399 1113 1438 1147 C.
1454 1111 1505 1159 sq.
1525 1110 1592 1147 scit
1617 1124 1697 1146 mo·
1747 1113 1749 1117 ’

196 1163 246 1197 do
266 1163 351 1201 has,
378 1172 444 1205 pro
465 1159 689 1200 existimare,
717 1161 925 1207 expett-are,
954 1161 1086 1197 timere
1104 1171 1143 1196 et
1162 1157 1356 1207 suspicari,
1383 1160 1445 1197 ubi
1466 1161 1548 1195 loca
1567 1160 1653 1196 sunt
1675 1171 1696 1194 e
1756 1172 1766 1206 g

193 1211 311 1258 Soph.
332 1209 388 1245 Ai.
411 1222 444 1243 ν.
460 1218 543 1249 810.
562 1219 602 1244 et
619 1209 722 1257 Virg.
743 1212 895 1264 Aen-⁸4,
917 1221 1000 1254 4¹9·
1058 1211 1087 1246 E
1108 1210 1256 1257 propria
1276 1210 1428 1257 quidem
1447 1209 1504 1252 vi,
1541 1221 1609 1256 pro
1632 1211 1696 1257 Bg.
1752 1216 1765 1246 ἰ

193 1258 364 1298 formulis
385 1270 449 1304 per
469 1271 502 1294 v,
527 1257 631 1294 subst.
652 1269 737 1294 curn
757 1260 859 1296 affini
880 1259 1035 1296 nomine
1048 1271 1088 1295 et
1107 1271 1252 1305 praep„
1278 1259 1452 1295 valebant
1467 1258 1576 1294 eriam
1591 1255 1693 1305 priva

193 1323 229 1346 v.
245 1322 300 1350 ν.,
325 1308 471 1344 timebat
492 1319 530 1343 et
541 1306 737 1355 sperabat,
764 1308 874 1344 nobis
885 1307 1124 1356 fhfiirchtete
1143 1309 1221 1345 und
1242 1307 1352 1356 hoffte
1371 1322 1410 1344 er
1430 1308 1600 1355 zugleich.
1622 1319 1694 1355 qua
1740 1307 1753 1358 ¹⁴-

190 1356 360 1394 atliunfta
391 1358 471 1392 Lat.
489 1356 600 1402 simul
628 1357 806 1404 particula
834 1357 1084 1405 perspicuitati
1115 1357 1349 1398 consulatum
1390 1368 1434 1393 ut
1462 1369 1584 1393 tamen
1610 1368 1693 1392 non

190 1407 374 1445 tenuerim
403 1406 626 1442 simillimum
654 1405 780 1444 nostro
815 1407 975 1454 aliquem
1011 1407 1160 1444 aliunde
1185 1407 1309 1442 locum
1345 1407 1406 1443 tali
1435 1406 1476 1442 in
1507 1415 1693 1443 contextu
1737 1420 1745 1425 ’

189 1457 396 1494 iunctorum
415 1454 534 1491 secum
559 1455 755 1492 verborum
774 1455 947 1498 istorum,
983 1468 1193 1504 quanquam
1215 1456 1290 1491 alio
1310 1468 1367 1502 ap.
1386 1457 1475 1492 Luc.
1497 1468 1533 1497 2,
1557 1464 1637 1501 383.
1667 1455 1693 1489 l.

190 1516 272 1553 35.‚
300 1504 344 1540 cf.
366 1505 389 1542 l.
404 1515 460 1550 39.
482 1516 520 1540 et
542 1518 574 1552 p.
592 1516 671 1549 215.
696 1504 720 1543 l.
741 1509 799 1548 67.
818 1517 857 1542 et
875 1517 959 1549 70.‚
995 1507 1057 1543 led
1087 1505 1295 1554 proximum
1316 1502 1370 1540 illi
1393 1505 1471 1542 Pol.
1492 1506 1592 1541 hunc
1609 1502 1692 1539 Liv.
1741 1523 1743 1525 -
1796 1521 1797 1526 =

176 1564 225 1597 8,
249 1564 302 1600 13.
323 1568 352 1589 e.
382 1564 434 1590 tot
454 1555 616 1600 populos
637 1555 734 1591 inter
752 1555 851 1602 spem
872 1565 1083 1609 nfetumque
1095 1554 1552 1610 suspenfhsanimihabetis.
1592 1554 1692 1589 Con-
1754 1603 1755 1606 Ἴ

191 1615 267 1644 tra,
294 1615 467 1651 tanquam
486 1603 704 1651 synonyma,
729 1617 792 1651 per
811 1616 957 1651 copiam
968 1605 1176 1653 elegantem
1198 1603 1394 1640 comantia
1412 1603 1471 1639 ista
1487 1615 1518 1638 v.
1532 1616 1586 1643 v.‚
1608 1612 1690 1636 non

189 1654 363 1689 videntur
382 1653 431 1689 ita
455 1650 668 1699 accipienda
682 1678 692 1694 ‚
720 1665 763 1689 ut
782 1653 998 1699 alterutrum
1016 1655 1212 1693 redundet.
1239 1665 1363 1689 verum
1385 1663 1427 1688 ut
1446 1665 1521 1688 rem
1534 1651 1691 1687 eandem

188 1701 382 1738 ostendant
406 1714 424 1736 a
443 1700 590 1738 diverfis
608 1702 792 1750 partibus,
826 1701 945 1750 fitque
966 1703 1012 1740 ἐδ.
1033 1703 1229 1744 metuebat,
1259 1702 1322 1737 sed
1342 1701 1420 1744 ἧλπ.
1431 1699 1693 1750 suspicabatur,
1744 1710 1762 1745 j
1780 1707 1782 1731 ὶ

187 1751 398 1799 expeftabat
418 1752 473 1787 nil
492 1751 580 1787 boni
595 1778 606 1793 ‚
631 1751 818 1800 cogitabat
838 1753 951 1794 mala,
980 1751 1090 1788 tristia
1110 1751 1321 1799 expestabat
1341 1763 1379 1787 et
1397 1750 1595 1799 cogitabat,
1622 1761 1690 1784 no·
1752 1766 1754 1771 v
1772 1779 1778 1788 ,

189 1801 245 1836 bis
266 1801 500 1846 erfiirchtete
519 1801 596 1837 und
615 1811 811 1838 erwartete
832 1800 956 1836 nichts
967 1811 1098 1849 gates,
1133 1799 1158 1836 s.
1178 1800 1315 1837 warin
1335 1801 1464 1836 Furcht
1488 1797 1568 1836 und
1585 1808 1690 1834 trau·
1750 1837 1756 1840 ,
1773 1819 1777 1834 ι

186 1851 291 1898 rigen
319 1847 531 1890 Gedanken4
568 1849 594 1886 s.
619 1863 701 1886 war
736 1851 855 1886 voller
880 1850 1012 1886 Furcht
1047 1850 1128 1887 und
1157 1850 1347 1898 trauriger
1385 1848 1626 1899 Vorstellung,
1661 1846 1688 1883 s.
1733 1863 1767 1905 §f-

185 1900 318 1936 furem
340 1900 415 1935 und
436 1901 593 1946 Sor-gen,-
622 1911 782 1947 quorum
803 1910 980 1935 neutrum
999 1900 1145 1946 prorsus
1165 1899 1263 1935 idem
1288 1897 1360 1940 est,
1384 1898 1445 1934 sed
1463 1899 1622 1933 alterum
1640 1889 1690 1945 alss

186 1960 268 1985 tero
289 1947 463 1985 definitur
485 1961 525 1983 ac
546 1948 771 1991 declaratur,
809 1949 963 1984 alterum
985 1949 1103 1986 altero
1126 1948 1240 1997 magis
1266 1946 1316 1984 est
1341 1947 1595 1995 perspicuum,
1626 1958 1689 1981 co·
1745 1953 1759 1991 xj

185 1998 317 2045 pulatis
344 1999 512 2045 insuper,
544 1998 583 2033 in
604 1999 669 2033 Gr.
691 2010 730 2033 et
750 1999 828 2035 Lat.
845 1998 1020 2034 metuebat
1038 2012 1076 2036 et
1086 1996 1270 2046 sperabat,
1296 1997 1410 2034 verbo
1429 2008 1469 2033 et
1489 1993 1628 2043 vulgari
1651 2004 1689 2032 et

185 2047 387 2094 exqussfito,
422 2048 463 2083 it.
492 2047 653 2093 proprio*
674 2059 714 2083 et
740 2047 970 2094 improprio,
1008 2060 1052 2085 ut
1079 2048 1120 2083 in
1145 2046 1269 2084 Nostri
1298 2045 1367 2081 illo
1394 2055 1430 2087 8,
1456 2059 1488 2087 r,
1512 2048 1588 2087 16.,
1623 2043 1686 2081 ubi

184 2094 326 2142 ἤλπιζον
349 2099 546 2143 planenon
568 2097 673 2143 poffis
687 2097 835 2143 proprie
848 2096 1026 2143 accipere.
1080 2095 1351 2142 Quaequidem
1363 2093 1562 2141 explicatio
1575 2093 1688 2129 etiam

184 2157 268 2181 cum
288 2144 358 2180 fide
380 2146 544 2181 historica
563 2146 676 2195 magis
693 2145 898 2182 convenit,
933 2158 1019 2182 cum
1046 2158 1117 2182 nec
1145 2145 1278 2182 Noster
1306 2143 1448 2191 aliquid
1477 2142 1614 2180 dixerit
1645 2142 1687 2189 in

182 2192 428 2240 superioribus
447 2197 492 2231 de
513 2196 609 2231 bona
632 2196 715 2243 spe,
752 2207 861 2242 quarn
881 2196 1028 2232 Marcus
1045 2195 1092 2230 de
1111 2193 1322 2231 Commodo
1343 2193 1496 2229 haberet
1510 2217 1521 2233 ,
1542 2190 1617 2228 ,sed
1642 2183 1686 2228 ti-'
1743 2222 1747 2226 ⁴

184 2254 347 2278 mentem
366 2244 626 2290 solicitumque
645 2245 678 2291 ᾗ.
700 2254 730 2290 3.
763 2244 1023 2280 demonstrarit
1052 2245 1241 2285 Marcum,
1281 2255 1321 2278 et
1344 2243 1463 2289 Capit.
1493 2239 1687 2278 tradiderit

184 2303 336 2337 quoque
355 2292 461 2334 talia,
488 2295 586 2330 unde
606 2296 732 2330 Marco
757 2294 881 2340 potius
902 2294 990 2329 effer
1005 2293 1238 2332 timendum,
1268 2303 1377 2336 quarn
1400 2290 1619 2339 sperandum
1639 2289 1686 2325 de

182 2339 261 2376 filio
283 2353 311 2377 c.
336 2353 392 2384 27.
411 2353 444 2375 e.
462 2355 508 2396 J'·
533 2354 613 2389 394.
632 2348 713 2389 396.
731 2342 782 2391 sq.
806 2354 845 2379 et
863 2355 891 2378 c.
907 2352 1005 2383 23.e.
1032 2355 1066 2390 p.
1080 2354 1162 2388 400.
1176 2366 1188 2383 ,
1215 2339 1280 2377 nifi
1300 2354 1365 2388 pro
1385 2340 1448 2388 spe
1459 2342 1558 2377 bona
1575 2351 1686 2388 quac·
1748 2367 1749 2370 η

181 2402 237 2426 ras
261 2389 349 2437 quid
369 2402 411 2425 ex
433 2390 489 2427 h1s
511 2404 543 2433 p.
564 2402 644 2438 399.
665 2406 714 2428 m.
742 2407 754 2427 ι
767 2405 845 2428 uum
863 2393 908 2428 ab
926 2405 962 2428 eo
979 2401 1237 2440 quaereretur,
1271 2391 1327 2426 cui
1336 2390 1454 2438 filium
1471 2390 1685 2426 commenda-

182 2449 260 2475 ret:
287 2439 348 2474 ille
365 2438 562 2486 respondit,
590 2443 710 2483 vobis,
752 2442 908 2489 idigmts
925 2441 1061 2480 fuerit,
1086 2451 1119 2477 et
1139 2441 1209 2476 diis
1232 2441 1508 2481 immortalibus;
1533 2440 1685 2493 adquae
1751 2463 1752 2466 η
1794 2438 1797 2497 ζ

180 2499 306 2524 tamen
328 2487 397 2523 iam
418 2488 494 2525 Cas.
516 2491 562 2524 N.
582 2504 615 2535 4.
645 2490 748 2528 suasit
783 2490 1010 2540 „legendum
1030 2489 1100 2526 effe
1121 2489 1247 2537 potius
1265 2488 1543 2530 Herodianum,
1579 2497 1685 2522 cuius

180 2536 342 2572 narratio
368 2537 534 2573 constans
566 2550 602 2575 et
630 2541 744 2588 gravis
772 2540 853 2587 plus
884 2537 971 2576 fidei
999 2550 1203 2581 mereatur,
1247 2550 1356 2586 quam
1387 2536 1440 2573 isti
1471 2550 1516 2574 ex
1537 2534 1684 2573 diverlis

182 2584 421 2633 scriptoribus
444 2586 587 2623 consuti
607 2589 863 2626 centunculi.“
914 2589 1109 2626 Caeterum
1131 2588 1177 2624 de
1200 2591 1257 2637 ssg.
1277 2587 1356 2624 Lat.
1368 2586 1451 2637 spes
1468 2586 1684 2635 ambiguum.

183 2633 252 2676 est,
289 2645 412 2670 utrum
437 2636 584 2680 proprie
605 2639 770 2683 ceperit,
804 2651 852 2675 an
870 2637 1095 2686 improprie,
1119 2637 1165 2673 cf.
1184 2638 1269 2674 Exc.

204 638 224 652 ο
268 627 320 668 36.
346 636 378 669 p.
400 631 458 661 82.
483 639 518 647 -
545 621 614 655 Vel
635 619 666 654 h.
691 618 713 653 l.
738 619 903 660 timebat,
930 630 978 662 et,
1005 619 1096 667 quid
1115 618 1280 658 futurum
1300 622 1408 664 esset,
1435 623 1636 670 cogitabat,
1665 636 1699 659 v-
1742 627 1745 629 ’

200 676 306 710 Cort.
326 671 370 706 ad
389 671 472 705 Sall.
495 670 573 704 Cat.
596 680 652 709 20,
681 678 733 702 12.
755 669 806 715 (p.
823 679 900 713 139.
923 672 974 712 e.)
1002 669 1151 706 Herodi.
1176 684 1211 710 2,
1235 683 1266 712 1,
1293 675 1345 706 16.
1379 668 1474 715 ἔχειν
1505 671 1545 708 δι’
1567 674 1698 713 ἐλπίδος
1743 683 1750 691 ··

200 722 273 760 est,
308 720 472 756 fururum
495 715 737 763 praesentire,
778 718 986 763 praeiassire.
1024 720 1142 754 ‘Nam
1173 718 1290 754 sermo
1323 720 1371 757 ibi
1396 724 1442 756 de
1465 720 1589 755 caede.
1639 721 1700 756 Sic
1745 748 1747 752 .

223 2686 261 2738 «313
279 2687 395 2734 μετς.)
419 2685 526 2740 l-iaec.
541 2686 753 2735 negligente
771 2689 803 2723 Ρ.
826 2700 911 2724 cum
930 2696 998 2729 καὶ,
1024 2686 1086 2722 sed
1107 2690 1143 2723 δὲ
1159 2686 1340 2723 reddente
1354 2694 1561 2735 praeterea,
1587 2682 1681 2732 cfifi·
1728 2637 1763 2743 Ξ

184 2742 279 2776 ς.ι.,
314 2731 473 2768 severior
490 2732 551 2769 h1c
568 2736 632 2783 fig.
665 2749 729 2780 per
752 2736 876 2773 omnia
898 2737 973 2773 fuit
991 2734 1024 2782 §.
1045 2749 1078 2782 5.
1103 2735 1124 2771 i.
1148 2747 1188 2771 et
1207 2733 1240 2781 §.
1263 2744 1318 2776 8..
1351 2746 1513 2783 cumque
1533 2733 1611 2771 8⁰1¹·
1635 2737 1678 2763 ¹¹²
1732 2740 1782 2774 <21

181 2779 285 2824 adm,
311 2781 392 2829 (qui
413 2792 451 2822 et
471 2781 511 2820 in
529 2795 565 2819 v·
603 2788 677 2826 ηέτ.
699 2784 876 2824 Germani
895 2787 1081 2824 terrebant
1101 2796 1187 2825 eum
1206 2795 1275 2821 mm
1292 2785 1426 2827 med-‘0
1445 2795 1483 2817 θ’
1500 2783 1580 2825 5Ψ·
1597 2773 1675 2812 Th·
1712 2829 1716 2835 ,
1769 2833 1785 2846 ·.
