1798 3137
183 138 351 167 xxxu
488 122 523 165 Ι.
543 120 632 164 FR.
655 119 932 164 LEISNERI
954 121 1194 165 PROLvs.
1212 120 1420 169 SCHOL.

178 232 298 270 XLV!
328 229 433 266 annis
454 229 609 271 vixerit,
644 229 823 265 credibile
844 239 966 264 autem
988 239 1066 263 non
1087 226 1153 270 fit,
1191 241 1274 266 eum
1293 231 1398 267 valde
1418 232 1592 271 iuuenem
1623 234 1686 270 ad-

181 281 283 318 mitti
303 279 375 316 illis
395 277 575 326 coepiffe3
613 279 647 314 ei
668 279 767 313 haud
784 276 958 326 gravatim
980 276 1195 314 assenserim.

282 327 474 367 Diximus,
512 340 598 363 eum
616 327 802 375 sexaginta
824 336 1007 362 annorum
1025 338 1082 360 res
1100 327 1210 373 gestas
1223 328 1508 375 persequutum:
1547 331 1587 367 in
1606 342 1684 378 quo

183 378 445 416 Herodi-anum
470 387 509 413 et
536 388 602 421 pro
630 377 740 413 nobis
766 374 856 415 effe,
894 386 933 410 et
956 385 1063 410 contr
1113 387 1207 419 uos,
1246 377 1437 419 observes;
1473 391 1536 423 pro
1565 377 1684 420 nobis,

185 427 272 474 quia
293 427 367 472 ipse
390 426 428 460 in
448 424 680 472 praefatione
699 424 840 461 disertis
871 422 990 458 verbis
1019 386 1269 473 devexaginta
1291 426 1395 461 annis
1417 427 1588 469 testatur,
1626 428 1683 463 hi·

182 477 366 520 storiaque
392 474 474 511 eius
501 474 629 520 reapse
658 484 717 509 tot
740 473 893 518 spatium
925 483 1104 508 annorum
1132 474 1407 520 complestirur:
1443 487 1572 512 contra
1599 489 1682 517 nos,

185 525 269 574 quia
291 526 335 564 ll,
355 534 407 566 ις.
436 521 469 568 §.
497 532 550 569 13.
580 521 644 558 fibi
675 523 725 558 ait
752 521 820 556 effe
852 519 1102 568 propositum,
1141 522 1369 571 septuaginta
1402 536 1582 560 annorum
1615 537 1684 566 τες.

184 575 252 610 iub
279 571 426 607 diverlis
454 571 681 618 principibus
711 570 844 617 gestas,
889 568 928 604 in
962 581 1078 605 unum
1114 583 1244 617 corpus
1275 571 1456 614 redactas,
1493 574 1682 610 literarum

184 621 358 660 mandare
380 619 646 656 monumentis,
706 619 810 659 Quid
831 631 918 666 ergo
941 617 1017 653 est?
1050 621 1108 654 An
1131 633 1293 669 pugnare
1319 620 1438 656 secum
1461 621 1598 667 sibique
1617 620 1683 668 ipfi

184 670 412 708 contrarium
441 667 700 705 Herodianum
726 668 919 703 dicemus?
963 668 1177 705 Diceramus
1203 669 1324 711 sorte,
1366 670 1431 705 nili
1459 670 1684 717 intelligere·

184 732 287 758 mus,
325 718 424 766 posse
443 720 572 765 utique
591 716 691 758 fieri,
721 728 763 752 ut
780 714 1006 765 propositum
1029 716 1136 753 alicui
1157 717 1222 759 sit,
1251 717 1481 765 septuaginta
1500 731 1684 754 annorum

183 767 371 806 historiam
391 777 609 806 contexere,
645 765 764 811 postea
784 776 908 801 autem
929 764 1075 812 eveniat
1094 766 1255 813 aliquid,
1291 771 1392 811 quod
1412 779 1552 805 mutare
1574 778 1682 816 cogat

181 815 429 866 propolitum,
470 816 713 861 imponatque
740 813 908 860 scriptori
924 813 1170 850 neceffitatem
1202 816 1443 861 abrumpendi
1473 817 1683 852 orationem

185 866 296 903 etiam
317 877 423 906 ante,
461 864 570 910 quam
592 863 811 909 pervenire,
836 875 911 910 quo
931 861 1128 904 tendebat,
1154 863 1281 910 pollet.
1333 865 1442 901 Forte
1459 877 1528 901 uec
1551 877 1682 902 eorum

184 913 396 951 conieRura
418 915 561 950 aberrat
581 924 599 946 a
620 924 728 952 ver0‚
764 912 827 959 qui
855 909 1040 952 dixerint,
1066 912 1170 947 alteri
1191 911 1394 947 Herodiani
1417 913 1502 948 loco
1523 915 1595 950 effe
1607 926 1683 950 me-

184 964 303 1001 dicam
324 974 471 997 manum
490 961 776 1002 admovendam,
808 972 845 997 et
866 973 933 1007 pro
955 958 1179 1004 ἔβδομήκσντκ
1202 960 1496 997 substituendum
1513 959 1681 1007 ἐξήκοντα.

183 1012 344 1059 Qando
369 1011 468 1047 enim
489 1010 576 1045 haec
596 1011 774 1046 vocabula
797 1022 874 1045 non
895 1008 1031 1049 literis,
1059 1010 1117 1045 scd
1134 1010 1453 1046 arithmeticorum
1472 1009 1602 1058 lignis,
1625 1023 1685 1046 ex..

182 1064 418 1112 primi-uitur,
453 1057 563 1095 facile
582 1058 682 1105 poss'e
702 1060 857 1095 alterum
875 1071 956 1094 cum
977 1058 1091 1093 altero
1106 1082 1116 1098 ‚
1137 1070 1205 1105 qua
1229 1059 1414 1094 demendo
1436 1058 1587 1105 aliquid,
1613 1070 1684 1106 qua

182 1111 380 1148 addendo,
417 1107 629 1155 permutari.
681 1109 782 1153 Qas
810 1119 933 1143 autem
960 1118 1017 1141 res
1039 1107 1217 1153 temporis
1243 1120 1314 1142 ram
1337 1107 1438 1155 longi
1467 1106 1686 1153 prodiderit,

182 1161 249 1198 sub
271 1157 381 1193 finem
403 1157 484 1192 libri
505 1155 654 1192 secundi
679 1157 836 1193 indicat:
877 1168 953 1203 quo
973 1155 1056 1191 loco
1079 1156 1230 1192 tacitum
1256 1156 1292 1191 se
1320 1157 1601 1201 praeteriturum
1621 1167 1686 1190 ne-

181 1221 264 1260 gat,
298 1206 323 1244 fi
342 1205 431 1254 quid
454 1207 566 1241 modo
587 1206 781 1242 mentione
802 1206 953 1252 dignum
972 1203 1224 1251 memoriaque
1241 1204 1420 1240 videatur.
1482 1207 1606 1251 Qum
1628 1202 1683 1238 di·

180 1271 250 1300 co,
287 1269 371 1292 eum
388 1268 446 1291 res
466 1254 658 1290 mentione
681 1255 809 1302 dignas
831 1253 1049 1300 prodidisse,
1085 1254 1203 1289 nolim
1232 1263 1401 1289 veterum
1425 1253 1686 1290 historicorum

179 1305 412 1354 diligentiam
435 1303 479 1339 ad
500 1303 609 1339 huius
631 1305 758 1339 aetatis
779 1304 995 1350 scriptorum
1017 1304 1248 1350 quorundam
1267 1314 1434 1337 normam
1457 1301 1567 1349 exigi,
1589 1313 1687 1349 quo-

177 1368 260 1393 rum
289 1354 481 1401 diligentia
501 1350 643 1397 saepius
661 1352 745 1388 sane
761 1353 877 1389 nimia
897 1354 967 1394 est,
1000 1351 1140 1398 quippe
1159 1353 1292 1398 quibus
1313 1351 1445 1398 religio
1468 1351 1539 1392 est,
1571 1349 1685 1386 omit-

180 1417 262 1442 tere
294 1402 524 1450 principum,
571 1412 728 1448 quorum
757 1414 812 1438 res
841 1412 1011 1438 narrant,
1055 1400 1232 1447 coniuges
1262 1402 1474 1448 liberosque
1500 1409 1684 1446 peraeque

180 1464 334 1492 omnes,
375 1450 437 1486 ersi
457 1450 529 1486 dici
549 1451 594 1485 de
614 1451 691 1486 illis
709 1450 804 1487 nihil
825 1450 950 1497 poffit,
983 1451 1084 1496 quod
1116 1449 1336 1496 posteritatis
1362 1447 1505 1484 interiit
1532 1447 1684 1484 discere.

179 1502 239 1541 Ad
262 1503 356 1537 hanc
374 1499 627 1547 diligentiam,
662 1498 686 1534 fi
709 1500 821 1535 inodo
841 1498 1034 1545 diligentia
1054 1498 1281 1534 nominanda
1304 1498 1372 1538 est,
1408 1497 1575 1544 profesio
1605 1508 1685 1531 non

181 1551 326 1588 accedit
345 1549 604 1589 Herodianus,
634 1547 699 1595 qui
723 1549 791 1585 tibi
817 1549 1033 1592 neutiquam
1060 1546 1300 1585 satisfecerit,
1333 1545 1531 1582 Commodi
1553 1545 1686 1581 fratres

180 1599 336 1636 cunnos
355 1598 577 1644 cannasque
605 1595 749 1633 sorores
770 1598 990 1645 cognoscere
1011 1596 1192 1643 cupienti.
1241 1597 1342 1632 Duas
1364 1595 1534 1642 Septimii
1557 1591 1685 1634 Severi

179 1648 272 1686 filias
294 1660 343 1682 ne
364 1646 537 1682 nominat
557 1644 718 1693 quidem.
768 1647 887 1682 Tacet
909 1645 954 1680 de
975 1644 1065 1682 Iulia
1083 1646 1204 1684 Paula,
1236 1644 1430 1692 Elagabali,
1459 1643 1504 1679 de
1518 1641 1685 1679 Sallustia

181 1697 310 1735 Barbia
339 1696 521 1736 Orbiana,
563 1695 762 1732 Alexandri
790 1694 915 1730 Severi
933 1706 1068 1734 uxore,
1104 1695 1149 1731 de
1169 1695 1248 1730 aliis
1274 1691 1544 1740 compluribus.
1594 1692 1686 1727 Non

179 1759 307 1783 tamen
327 1744 420 1791 tegit
437 1742 583 1779 silentio
603 1756 661 1779 eas
682 1744 946 1790 imperatorum
967 1755 1118 1784 uxores,
1152 1756 1247 1790 quae
1266 1743 1324 1779 vel
1345 1741 1495 1790 aliquod
1516 1751 1685 1776 momen-

179 1807 261 1832 tum
284 1795 320 1830 in
346 1796 442 1829 bene
462 1804 526 1827 aur
544 1792 635 1828 male
656 1794 938 1830 administranda
957 1805 1031 1836 rep.
1053 1792 1239 1833 facerent,
1265 1793 1323 1827 vel
1345 1802 1438 1839 quae
1450 1802 1526 1826 non
1541 1787 1687 1835 poss'ent

178 1843 331 1883 omitti,
374 1841 467 1890 quin
497 1840 600 1877 fimul
629 1841 865 1879 omitteretur
894 1841 1055 1886 aliquid,
1093 1841 1194 1876 unde
1223 1838 1434 1888 intelligas,
1479 1838 1613 1885 quibus
1641 1848 1685 1873 ex

178 1891 304 1931 caussis
328 1904 383 1927 res
402 1889 542 1927 fuerint
563 1902 686 1931 ortae,
721 1891 858 1938 quibus
881 1890 1044 1925 consiliis
1071 1890 1207 1937 geilae,
1252 1890 1385 1936 quibus
1407 1886 1552 1924 auxiliis
1582 1884 1684 1921 adiu-

179 1953 261 1981 tae,
295 1952 372 1986 quo
400 1940 561 1985 denique
588 1938 716 1975 ordine
740 1954 756 1974 a
779 1938 908 1985 primis
936 1937 1054 1974 initiis
1081 1938 1124 1972 ad
1145 1935 1260 1974 finem
1287 1935 1502 1985 progressae.
1559 1936 1685 1981 Qum

179 1989 282 2027 enim
308 1988 511 2025 Herodiani
538 1986 685 2022 historia
704 1989 836 2024 habeat
855 1986 897 2024 *to*
915 1986 1171 2033 πςκγμκτικδν..
1199 1987 1271 2023 hoc
1292 1987 1353 2027 est,
1375 1997 1488 2033 quum
1508 1985 1685 2032 prospere

178 2050 220 2075 et
240 2038 342 2074 secus
363 2036 457 2072 fasta
478 2047 562 2072 cum
581 2035 690 2072 caufis
710 2038 886 2080 copulet,
923 2048 1002 2072 non
1023 2036 1151 2082 potuit
1171 2048 1248 2071 non
1267 2047 1391 2071 earum
1411 2033 1610 2070 mulierum
1628 2031 1685 2068 in-

177 2087 293 2124 iicere
316 2085 575 2125 mentionem,
616 2097 767 2134 propter
795 2097 951 2133 quarum
980 2086 1038 2119 vel
1064 2086 1217 2120 virtutes
1245 2084 1304 2119 vel
1332 2083 1422 2118 vitia
1447 2092 1505 2118 res
1532 2092 1683 2117 romana

180 2147 286 2173 nunc
308 2135 379 2171 labi
403 2134 550 2182 coepit,
588 2146 692 2171 nunc
718 2134 874 2183 surgere.
925 2133 1104 2170 Lucillam
1131 2133 1257 2179 itaque
1279 2131 1555 2178 Fadissamque,
1594 2130 1683 2166 duas

179 2185 377 2222 Commodi
399 2183 555 2225 sorores,
588 2183 768 2220 nominat.
816 2183 937 2219 Altera
960 2182 1058 2218 enim
1080 2181 1256 2218 seditiolis
1279 2180 1536 2216 molitionibus
1556 2177 1682 2216 fratris

177 2233 363 2272 saevitiam
393 2231 634 2275 exasperavit:
674 2233 787 2268 altera
810 2230 991 2278 patefaflm
1012 2229 1183 2267 Cleandri
1202 2230 1336 2267 scelere
1356 2231 1516 2266 eundem
1541 2229 1684 2275 pericu-

178 2283 219 2319 lo
239 2281 420 2317 liberavit.
468 2280 526 2316 Ne
546 2280 592 2317 de
608 2281 749 2317 Marcia
769 2281 935 2329 quidem,
961 2280 1157 2316 Commodi
1180 2279 1404 2319 concubina,
1430 2278 1534 2323 loqui
1557 2276 1684 2323 super-

178 2331 283 2368 sedet
296 2354 306 2370 ,
342 2330 446 2365 cuius
466 2328 626 2365 conliliis
643 2330 874 2366 clandestinis
891 2328 1108 2376 insidiisque
1124 2326 1286 2376 cognitis
1315 2327 1539 2375 cognoscere
1558 2325 1684 2367 liceat,

179 2381 273 2427 quid
297 2390 458 2424 tyranno
482 2378 631 2414 tandem
655 2379 811 2416 exitium
841 2378 1018 2415 attulerit.
1073 2379 1131 2412 De
1153 2377 1262 2418 Iulia,
1298 2387 1553 2423 praeterquam
1576 2373 1682 2422 quod

179 2428 250 2464 alia
269 2426 474 2467 nonnulla,
505 2426 616 2462 etiam
634 2427 706 2463 hoc
729 2427 859 2470 tradit,
894 2427 995 2474 quod
1017 2426 1191 2463 lectorem
1212 2426 1364 2467 doceat,
1389 2424 1684 2473 quidnamSeve·

176 2489 261 2513 tum
284 2477 328 2511 ad
348 2476 447 2522 spem
472 2475 616 2521 imperii
640 2477 819 2518 erexerit,
849 2475 939 2524 quid
961 2475 1167 2512 caracallae
1182 2476 1378 2522 Getaeque
1396 2471 1544 2514 consilia
1562 2472 1610 2508 de
1627 2471 1684 2508 di·

176 2525 348 2562 vidundo
370 2523 528 2570 imperio
543 2523 758 2561 disturbarit.
810 2527 851 2561 ln
871 2526 978 2560 rebus
999 2523 1164 2570 denique
1175 2518 1328 2563 Maesae.
1353 2522 1631 2569 Soaemidisque
1643 2531 1682 2557 et

177 2575 421 2628 Mammaeae,
449 2573 589 2626 multus
609 2573 670 2613 est,
700 2574 785 2621 quia
798 2574 836 2611 in
851 2574 922 2610 vita
936 2574 1113 2621 Elagabali
1126 2572 1446 2609 etAiexandrinec
1461 2582 1590 2618 pauca,
1612 2580 1682 2606 nec

179 2633 493 2672 paruimomenti,
519 2633 731 2665 occurrunt,
753 2635 909 2670 quorum
924 2623 1056 2659 causs'as
1066 2635 1144 2658 non
1156 2634 1262 2670 potes
1274 2622 1458 2669 ignorare,
1469 2631 1511 2656 ut
1521 2619 1682 2666 primum

178 2671 480 2710 muliercularum
500 2669 646 2707 istarum
666 2684 804 2716 ortum,
825 2671 1032 2722 ingenium,
1058 2672 1246 2721 vitamque
1265 2683 1304 2709 et
1325 2681 1447 2709 mores
1465 2666 1681 2718 cognovisti.
