1772 3158
246 116 350 172 686
390 120 561 168 LIBER
581 123 614 166 I.
651 122 778 168 CAP.
800 119 916 169 XVI.
954 125 1010 169 A.
1031 125 1087 168 Va
1115 127 1163 170 C.
1190 136 1311 182 945.
1350 127 1488 173 CHR.
1511 131 1574 177 N.
1598 142 1713 187 192.

241 237 320 286 καὶ
340 233 533 298 παύετοᾳ
555 235 587 289 3.
658 233 826 292 ταύτης
839 231 888 286 δὲ
902 237 978 291 τῆς
1019 249 1064 298 7.
1113 244 1191 290 nit.
1285 246 1388 292 Hoc
1436 246 1542 294 festo
1591 264 1750 314 proce·

240 312 384 380 ἐοςτῆς
400 309 631 379 πςοϊούσης
644 310 679 370 ¹¹5
703 314 742 359 ἐν
762 310 784 379 ᾗ
794 309 977 376 μέλις-οι
998 319 1143 364 'dente
1157 355 1167 375 ‚
1204 320 1249 365 in
1273 336 1361 383 quo
1374 322 1640 386 potissimum
1657 328 1747 373 Ro·

331 439 364 478 g)
391 438 538 468 παύσεται
557 437 592 467 Β.
612 445 644 469 2-
666 435 835 471 mendose,
909 437 943 473 h)
969 437 1032 469 Ms.
1053 438 1106 468 Ba.
1125 447 1273 480 προσιουσ.
1293 440 1382 481 quod
1402 442 1470 483 Stp.
1492 440 1660 480 maleban·
1690 435 1745 476 sed

240 481 275 516 δῆ
294 491 363 515 non
384 481 476 513 item.
504 482 614 514 Mart.
656 482 692 513 ln
713 486 777 517 Ms.
797 482 851 514 Vi.
869 482 971 514 etiam
987 492 1136 524 προσισυτ.
1157 493 1232 515 curn
1253 487 1304 520 ed.
1321 486 1414 526 lng..
1439 496 1473 518 v.
1489 488 1538 520 N*-
1734 512 1735 516 ,

239 581 352 617 dante
371 583 433 629 Rg.
457 589 576 618 unam*
589 582 725 624 modo,
752 582 1035 619 consentaneam
1058 584 1210 631 utrique
1229 597 1281 628 v.‚
1316 596 1354 622 at
1377 585 1528 633 proprie
1554 586 1658 624 aliam
1677 588 1745 624 Gr.

239 635 271 668 ἔν
287 633 399 675 adeiz,
425 631 475 667 cf.
503 643 533 671 ι,
558 644 613 677 14,
637 643 691 667 ιο.
711 644 763 673 e.,
798 632 891 668 nihil
913 635 1110 677 praebente
1128 635 1174 670 G.
1195 635 1288 675 Th..
1325 644 1435 682 quarn
1455 635 1495 672 in
1516 649 1551 672 v.
1572 648 1658 674 curn
1678 637 1743 673 Gr.

235 691 275 715 n.
302 691 408 723 1040,
429 688 485 725 87.
507 683 585 716 Iuv.
605 682 837 728 expeHandus
855 681 949 721 erit,
985 683 1048 729 qui
1075 683 1153 719 lites
1171 683 1328 720 inchoet
1346 696 1485 725 annun
1522 695 1563 721 ut
1585 697 1660 721 nec
1685 691 1742 728 eie.

235 741 307 777 pro
329 729 408 764 Lat.
425 739 511 776 per,
535 730 597 764 hic
618 730 778 766 alienum
794 755 804 771 ‚
829 743 906 778 quo
927 731 1081 767 redit-P.
1103 743 1154 778 pr.
1174 747 1218 773 a,
1243 744 1286 768 ut
1302 732 1364 774 fit,
1393 745 1533 771 annum
1563 745 1628 780 per
1655 746 1744 771 eum

237 778 372 824 aperiri
406 789 444 813 et
473 778 610 820 claudi,
647 777 693 813 cf.
717 780 825 815 Ovid.
850 779 934 815 Fast.
959 792 988 821 1,
1013 790 1110 821 ιιε..
1146 781 1299 827 primam
1327 794 1467 828 partem
1494 782 1741 831 intelligendo

233 825 306 867 fic,
340 837 382 862 ut
408 827 448 862 in
476 826 555 863 eius
583 829 766 864 honorem
794 829 947 876 incipiat
977 830 1117 870 annus,
1151 840 1190 865 et
1216 841 1300 866 cum
1330 830 1486 868 nomine
1517 831 1648 878 iplius,
1692 832 1742 868 'ob

235 875 447 913 Ianuarium
469 877 651 918 mensem,
679 876 739 913 sed
757 878 952 914 secundam
974 890 1111 925 partem
1125 901 1136 918 ‚
1170 889 1211 914 ut
1227 884 1345 915 annus
1365 878 1494 917 finitus
1515 880 1558 917 fit
1576 890 1661 917 cum
1679 891 1743 917 eo·

234 930 342 965 dem,
378 926 475 962 forte
498 927 600 974 quod
621 926 792 963 ultimum
811 929 898 962 anni
919 927 1018 964 diem
1042 934 1256 975 lequeretur
1275 927 1412 975 primus
1431 929 1509 965 dies
1530 930 1618 965 novi
1639 930 1742 971 anni,

232 974 517 1016 lano.sacratus;
548 987 590 1012 uc
614 987 685 1011 nec
703 988 805 1012 certo
825 976 923 1019 scio,
958 988 1003 1012 an
1025 977 1095 1014 huc
1122 977 1309 1023 pertineat
1337 977 1417 1014 eius
1434 976 1596 1025 inligne3
1627 978 1741 1015 clavis

230 1023 272 1062 in
294 1024 485 1066 manibus,
513 1036 549 1062 et
571 1037 712 1061 nomen
734 1026 866 1072 Ctufius
890 1026 913 1061 s.
934 1027 1110 1072 C'lufivus‚
1138 1026 1240 1061 aliter
1258 1025 1467 1072 explicante
1480 1029 1525 1062 G.
1539 1028 1612 1062 Th.
1666 1029 1742 1063 De-

229 1073 348 1122 nique
375 1074 416 1110 in
444 1075 516 1112 Ms.
543 1085 651 1121 pron.
680 1073 771 1118 alius
796 1075 901 1112 sexus
928 1074 1035 1116 αότδ,
1077 1073 1123 1110 ad
1149 1088 1202 1121 pr.
1222 1075 1328 1111 subst.
1352 1072 1413 1120 ἆγ.
1433 1077 1574 1112 relatos
1611 1076 1740 1123 potius

230 1123 348 1162 fuerit
367 1123 483 1171 lapsus
504 1124 540 1160 in
559 1139 575 1159 ο
595 1135 636 1161 et
653 1137 699 1161 ον,
726 1137 836 1172 quam
856 1137 938 1160 mos
958 1137 1099 1165 recens,
1125 1137 1207 1160 cum
1221 1125 1261 1159 in
1278 1125 1429 1171 templis
1446 1128 1534 1161 aare
1549 1124 1740 1162 fimulacra

231 1186 368 1210 annum
390 1185 426 1210 et
442 1172 579 1210 finiunt
599 1184 638 1210 et
655 1174 845 1221 incipiunt
863 1174 968 1209 cultu
987 1175 1139 1214 divino,
1167 1174 1356 1220 precibus,
1385 1184 1477 1210 caet.

273 1221 400 1265 ταύτης
419 1243 457 1250 -
477 1220 678 1268 πρυϊοόσης)
705 1223 950 1259 Scribendum
986 1236 1077 1269 puto
1103 1219 1315 1269 προσιούσης.
1364 1223 1436 1260 Sed
1463 1235 1504 1260 et
1529 1218 1658 1265 ratim-nc
1685 1221 1745 1265 δι”,

229 1284 340 1320 quam
367 1290 399 1308 τ.
422 1277 480 1315 δὲ,
510 1273 633 1308 malim
648 1297 658 1313 ,
698 1285 800 1320 quum
821 1271 933 1319 igitur
944 1273 1062 1321 festus
1078 1274 1136 1308 hic
1161 1273 1239 1307 dies
1259 1275 1500 1316 adventaret,
1523 1284 1595 1309 etc.
1621 1273 1739 1320 Steph-

228 1322 378 1359 Schotti
400 1323 469 1358 Ms.
488 1337 685 1367 προσιουσ..
721 1324 922 1362 accedente,
965 1322 1131 1358 instante.
1158 1322 1248 1369 Sylb.

322 1371 446 1407 Leisn.
472 1372 510 1406 in
534 1380 644 1418 marg.
664 1371 736 1406 Ms.
755 1373 818 1418 ssg.
846 1370 1020 1411 „omittit
1039 1376 1105 1407 321⁶
1131 1370 1215 1406 sane
1242 1378 1322 1406 non
1352 1372 1469 1412 bene,
1500 1370 1739 1418 exprimente

225 1419 267 1456 P.
291 1419 426 1457 iterum
456 1421 517 1464 δὴ,
550 1422 648 1457 unde
670 1421 750 1466 Stp.
780 1419 893 1455 tacite
911 1419 1097 1460 hauserit,
1133 1420 1194 1456 sed
1218 1420 1327 1461 sch„
1362 1419 1505 1456 deserto
1531 1421 1593 1460 l’.‚
1627 1421 1669 1455 in
1696 1431 1735 1455 v.

225 1471 313 1511 „die
333 1469 426 1505 festo
444 1472 596 1505 ineunte.
643 1471 721 1516 Stp.
752 1470 892 1504 mavult
920 1477 1124 1515 προήσω-ί(
1151 1464 1241 1504 dum
1257 1469 1347 1505 Obs.
1371 1470 1425 1505 Μ.
1444 1473 1490 1506 Α.
1508 1469 1608 1504 Νον.
1630 1468 1678 1504 Τ.
1703 1478 1737 1515 3.

256 1545 264 1553 .
285 1532 341 1563 24.
359 1533 412 1561 e.,
438 1531 523 1555 cum
543 1518 734 1559 dixiffenr‚
769 1518 893 1553 multis
914 1518 1008 1553 locis
1029 1518 1165 1554 variare
1184 1529 1223 1554 et
1244 1517 1397 1554 confusa
1416 1518 1486 1554 effe
1511 1531 1542 1552 v.
1563 1517 1647 1560 ista,
1683 1528 1737 1553 ta-

225 1580 313 1604 men
333 1569 506 1604 fluetuare
531 1567 669 1604 deinde
692 1567 868 1603 videntur
883 1592 893 1608 ‚
924 1575 963 1603 et
989 1578 1192 1615 utrumque
1214 1579 1282 1614 pro
1304 1570 1440 1603 eodem
1461 1567 1614 1608 habere,
1650 1578 1736 1602 cum

223 1617 368 1654 dicatur
391 1630 424 1653 ν.
445 1630 477 1653 e.
506 1616 593 1661 »νύξ
622 1618 728 1662 προίει
756 1627 796 1652 et
815 1612 1019 1660 προσιούσης
1042 1625 1104 1658 τῆς
1133 1615 1299 1662 ἑσπέρας,
1329 1615 1432 1663 quod
1458 1627 1529 1652 nec
1547 1614 1665 1660 ipsum
1682 1615 1738 1650 vi-

224 1665 304 1703 deri
326 1669 547 1715 reprobum,
573 1665 657 1714 quia
678 1665 724 1701 fic
745 1666 909 1713 legamus
926 1677 1079 1713 quoque
1100 1666 1135 1701 in
1158 1664 1343 1700 Herodi«
1371 1664 1518 1711 prolato
1539 1676 1641 1700 nunc
1658 1663 1734 1699 hoc

223 1716 311 1752 loco
333 1728 354 1751 e
373 1717 455 1762 δερ.
475 1730 674 1761 zeon-iove„
711 1713 776 1763 qui
799 1725 923 1750 tamen
939 1713 1035 1750 nihil
1056 1715 1194 1754 eflicit,
1230 1726 1313 1750 curn
1334 1725 1372 1750 et
1392 1714 1500 1750 lenio
1521 1713 1661 1754 variet,
1691 1723 1734 1750 et

222 1766 365 1811 semper
386 1765 507 1801 adhuc
527 1764 660 1812 ambigi
683 1774 808 1810 queat,
836 1776 881 1798 an
895 1776 974 1798 non
995 1763 1191 1801 discrimen
1210 1762 1252 1799 fit
1272 1775 1313 1798 ac
1332 1763 1495 1799 diversus
1511 1761 1632 1799 sensus
1654 1761 1735 1798 ista·

221 1827 306 1851 rum
326 1815 593 1854 formularum,
628 1812 799 1849 aliorsum
817 1814 998 1849 tendente
1019 1814 1056 1849 P.
1071 1836 1083 1854 ‚
1110 1821 1146 1849 at
1168 1811 1288 1849 Leisn.
1310 1812 1356 1848 ad
1379 1823 1410 1853 ι.
1432 1824 1488 1853 10,
1500 1825 1530 1858 4.
1544 1824 1591 1847 m.
1609 1825 1733 1858 προηγ.

219 1864 429 1900 inclinante
447 1863 492 1898 ad
509 1867 612 1909 srp„
649 1862 739 1898 dum
768 1865 833 1909 ΒΞ.
862 1861 1039 1909 exprimit
1067 1864 1189 1911 vulg,
1221 1862 1429 1902 incertum,
1465 1873 1538 1910 qua
1557 1859 1733 1912 notione,

221 1913 318 1949 nihil
338 1913 449 1949 etiam
471 1913 684 1958 explicante
708 1912 755 1948 G.
775 1911 850 1948 Th.
870 1923 905 1946 v.
928 1910 1002 1948 dies
1027 1923 1107 1955 159,
1126 1923 1185 1958 43.
1204 1922 1245 1948 et
1265 1911 1305 1947 in
1327 1923 1361 1947 v.
1382 1922 1490 1958 1079,
1510 1912 1665 1958 31.1qq.
1688 1909 1734 1947 it.

222 1966 305 2005 60.,
332 1974 402 1997 nec
425 1963 471 1997 N.
494 1961 537 1997 ad
559 1960 658 2009 Virg.
678 1965 773 1997 Aen.
797 1971 831 2006 3,
851 1963 935 2006 356.
961 1961 1034 1996 iam
1061 1973 1136 2008 que
1160 1963 1235 1996 dies
1253 1962 1349 1996 alter
1367 1973 1432 2007 que
1453 1960 1532 1996 dies
1557 1955 1732 2007 proce-ffb,

219 2011 283 2048 ubi
304 2012 345 2047 R.
370 2023 458 2047 met.
486 2011 599 2050 abiit,
636 2022 677 2047 nt
704 2010 749 2045 ad
775 2009 860 2045 Sall.
883 2012 961 2057 lug.
985 2022 1043 2050 21,
1064 2023 1097 2045 2.
1122 2010 1185 2047 ubi
1201 2012 1404 2059 plerumque
1431 2009 1550 2045 nolitis
1571 2005 1732 2054 proceffit

221 2064 328 2097 cort.
356 2061 500 2100 ‚‚abiit‚
534 2059 696 2096 exailum
719 2058 782 2100 est,
802 2078 840 2085 —
864 2060 963 2107 Virg.
986 2059 1025 2105 (l.
1043 2059 1090 2101 l.)
1110 2060 1133 2094 i.
1155 2058 1299 2095 exastus
1321 2058 1400 2094 estt‘
1428 2058 1490 2094 sed
1510 2056 1590 2093 ind.
1612 2058 1729 2092 Corn.

217 2112 269 2148 N.
297 2121 411 2149 „cum
444 2110 515 2144 iam
542 2121 619 2145 nox
644 2103 870 2157 proceffiffiit,
907 2108 931 2143 i.
960 2107 1130 2155 provecta
1158 2107 1273 2144 elset“
1303 2107 1399 2144 etin
1424 2109 1471 2145 N.
1493 2106 1538 2143 ad
1562 2109 1617 2148 16,
1640 2116 1675 2152 3,
1695 2115 1730 2152 3.

217 2159 332 2197 modo
351 2168 586 2205 comparatur
606 2168 666 2200 τῆς
684 2159 799 2198 vuardo
817 2156 997 2203 προϊούσης
1019 2156 1096 2192 fine
1116 2159 1269 2194 austore.
1322 2156 1516 2198 Omnino,
1542 2166 1627 2192 cum
1642 2155 1733 2197 dies,

217 2221 317 2250 nox,
354 2217 487 2257 tempus
507 2209 562 2243 dr.
583 2209 793 2255 procedere,
828 2218 976 2243 remoto
1005 2217 1135 2252 tropo,
1170 2207 1249 2254 (qui
1270 2206 1399 2243 duftus
1425 2207 1471 2242 ab
1494 2204 1729 2246 animalibus,

218 2270 338 2307 quum
359 2259 402 2293 ab
424 2269 501 2293 uno
522 2260 607 2292 loco
630 2256 673 2291 ad
696 2257 810 2292 alium
832 2266 924 2292 eunt
941 2267 981 2290 ac
998 2253 1216 2303 gradiuntur
1233 2268 1344 2302 porro
1360 2255 1599 2304 longiusque,
1625 2265 1663 2289 et
1680 2251 1730 2289 fic

215 2311 356 2346 abeunt
379 2318 420 2342 ac
439 2305 659 2350 transeunt‚)
679 2316 759 2342 tum
788 2304 1031 2352 intelligimus
1052 2318 1085 2339 ν.
1103 2317 1133 2340 c.
1154 2305 1251 2341 diem
1276 2304 1335 2340 vel
1366 2303 1475 2351 plane
1501 2300 1728 2350 praeteriiffe

214 2367 255 2394 et
279 2355 430 2397 finiiss'e,
463 2357 522 2391 vel
543 2365 690 2391 tantum
710 2367 753 2390 ex
776 2364 901 2401 parte,
937 2365 978 2388 ac
1002 2355 1133 2390 durare
1153 2353 1178 2389 s.
1201 2354 1425 2390 continuare
1443 2353 1510 2394 fic,
1536 2364 1580 2388 ut
1595 2360 1726 2400 pergat

213 2409 260 2443 ad
295 2406 463 2441 medium
485 2416 550 2441 aut
579 2402 715 2447 finem,
750 2404 775 2441 s.
799 2414 841 2439 ut
870 2401 914 2438 fit
940 2413 1022 2438 tum
1054 2403 1198 2439 medius
1225 2404 1304 2440 dies
1330 2413 1398 2438 aut
1428 2414 1546 2450 prope
1564 2400 1726 2447 vespera.

213 2455 288 2493 Sed
309 2457 488 2503 quoniam
510 2455 711 2501 procedere
732 2465 773 2488 ac
793 2453 943 2498 prodire
963 2453 1138 2488 dicuntur
1157 2454 1268 2488 etiam
1287 2452 1348 2488 vel
1366 2453 1493 2493 bruta,
1525 2450 1584 2487 vel
1606 2447 1728 2489 homi-

213 2518 302 2548 nes,
338 2503 566 2541 nominatim
594 2514 723 2549 regeS,
756 2501 844 2537 dum
873 2513 893 2536 e
920 2501 1005 2537 loco
1036 2501 1227 2548 domoque
1253 2501 1414 2538 veniunt
1441 2502 1481 2536 in
1508 2500 1648 2540 lucem,
1682 2497 1726 2534 in

212 2554 408 2603 publicum
429 2566 470 2589 ac
497 2550 736 2598 conspeflum
753 2552 932 2586 aliorum:
965 2549 1053 2586 hinc
1078 2562 1230 2634 puoque
1256 2551 1355 2586 diem
1386 2549 1586 2597 procedere
1613 2547 1726 2601 dicas,

213 2615 331 2652 quum
364 2601 594 2649 prorumpit,
638 2600 780 2640 oritur,
814 2599 970 2646 incipit,
1005 2611 1074 2634 con
1094 2599 1257 2645 picitur,
1293 2600 1334 2637 it.
1354 2598 1527 2638 advenit,
1568 2598 1724 2638 accedit,

214 2652 382 2701 ingruit,
411 2651 450 2686 it.
473 2651 667 2689 imminet,
695 2649 823 2689 instat3
858 2651 959 2684 unde
980 2649 1045 2684 Gr.
1071 2655 1215 2695 προϊένοᾳ
1242 2659 1281 2685 et
1300 2655 1469 2694 προσιέναι,
1493 2647 1724 2699 conveniant

217 2698 519 2748 quodammodo,
547 2710 788 2745 vereaturque
811 2697 984 2740 criticus.
1018 2699 1082 2745 qui
1104 2698 1201 2734 lenis
1222 2697 1264 2734 [it
1281 2711 1322 2733 ac
1339 2696 1543 2737 modestus,
1577 2693 1722 2742 aliquid

219 2748 422 2800 tentaxein
435 2749 583 2794 talibus,
609 2748 671 2788 led
691 2747 823 2786 debeat
841 2752 966 2787 tamen
983 2748 1025 2786 in
1045 2747 1153 2786 dubia
1172 2748 1230 2784 vel
1247 2747 1326 2786 lest,
1339 2770 1350 2791 ,
1375 2747 1434 2783 vel
1454 2745 1613 2784 notione
1632 2754 1721 2781 con·
