<?xml version="1.0" encoding="UTF-8"?>
<!DOCTYPE html PUBLIC "-//W3C//DTD XHTML 1.0 Transitional//EN"
    "http://www.w3.org/TR/xhtml1/DTD/xhtml1-transitional.dtd">
<html xmlns="http://www.w3.org/1999/xhtml" xml:lang="en" lang="en">
 <head>
  <title>
</title>
<meta http-equiv="Content-Type" content="text/html;charset=utf-8" />
  <meta name='ocr-system' content='tesseract 3.04.00' />
  <meta name='ocr-capabilities' content='ocr_page ocr_carea ocr_par ocr_line ocrx_word'/>
</head>
<body>
  <div class='ocr_page' id='page_1' title='image "./historiarumlibri01hero_0394.png"; bbox 0 0 1783 3133; ppageno 0'>
   <div class='ocr_carea' id='block_1_1' title="bbox 158 97 1581 168">
    <p class='ocr_par' dir='ltr' id='par_1_1' title="bbox 158 97 1581 168">
     <span class='ocr_line' id='line_1_1' title="bbox 158 97 1581 168; baseline 0.005 -15"><span class='ocrx_word' id='word_1_1' title='bbox 158 119 260 163; x_wconf 77' lang='lat'>334</span> <span class='ocrx_word' id='word_1_2' title='bbox 299 109 468 164; x_wconf 80' lang='lat' dir='ltr'>LIBER</span> <span class='ocrx_word' id='word_1_3' title='bbox 489 110 521 152; x_wconf 85' lang='lat'>1.</span> <span class='ocrx_word' id='word_1_4' title='bbox 564 109 780 154; x_wconf 70' lang='lat' dir='ltr'>CARIX.</span> <span class='ocrx_word' id='word_1_5' title='bbox 823 97 956 154; x_wconf 61' lang='grc' dir='ltr'>Αζν..</span> <span class='ocrx_word' id='word_1_6' title='bbox 982 110 1181 164; x_wconf 66' lang='lat'><strong>0933·</strong></span> <span class='ocrx_word' id='word_1_7' title='bbox 1219 111 1581 168; x_wconf 33' lang='lat' dir='ltr'><strong>CHR.N.18·0.,</strong></span> 
     </span>
    </p>
   </div>
   <div class='ocr_carea' id='block_1_2' title="bbox 151 219 1651 290">
    <p class='ocr_par' dir='ltr' id='par_1_2' title="bbox 151 219 1651 290">
     <span class='ocr_line' id='line_1_2' title="bbox 151 219 1651 290; baseline 0.003 -18"><span class='ocrx_word' id='word_1_8' title='bbox 151 220 295 282; x_wconf 76' lang='grc' dir='ltr'>οὖα-ιν,</span> <span class='ocrx_word' id='word_1_9' title='bbox 346 220 589 290; x_wconf 67' lang='grc' dir='ltr'>ἐγχειςίσαι</span> <span class='ocrx_word' id='word_1_10' title='bbox 625 220 772 269; x_wconf 66' lang='grc' dir='ltr'><em>πείθει</em></span> <span class='ocrx_word' id='word_1_11' title='bbox 813 219 885 268; x_wconf 71' lang='grc' dir='ltr'>τὸν</span> <span class='ocrx_word' id='word_1_12' title='bbox 920 225 1074 282; x_wconf 87' lang='lat' dir='ltr'>adhuc,</span> <span class='ocrx_word' id='word_1_13' title='bbox 1109 226 1321 281; x_wconf 75' lang='lat' dir='ltr'>mandari,</span> <span class='ocrx_word' id='word_1_14' title='bbox 1359 227 1505 276; x_wconf 82' lang='lat' dir='ltr'>suadet</span> <span class='ocrx_word' id='word_1_15' title='bbox 1516 230 1651 289; x_wconf 48' lang='lat' dir='ltr'>Com-2</span> 
     </span>
    </p>
   </div>
   <div class='ocr_carea' id='block_1_3' title="bbox 136 366 1699 2772">
    <p class='ocr_par' dir='ltr' id='par_1_3' title="bbox 147 366 1651 811">
     <span class='ocr_line' id='line_1_3' title="bbox 151 366 1647 418; baseline -0.001 -9"><span class='ocrx_word' id='word_1_16' title='bbox 151 369 296 409; x_wconf 85' lang='lat' dir='ltr'>duitate</span> <span class='ocrx_word' id='word_1_17' title='bbox 313 381 353 407; x_wconf 88' lang='lat' dir='ltr'>et</span> <span class='ocrx_word' id='word_1_18' title='bbox 376 367 582 406; x_wconf 76' lang='lat' dir='ltr'>curiofitate</span> <span class='ocrx_word' id='word_1_19' title='bbox 603 367 695 404; x_wconf 81' lang='lat' dir='ltr'>nihil</span> <span class='ocrx_word' id='word_1_20' title='bbox 716 379 843 404; x_wconf 85' lang='lat' dir='ltr'>eorum</span> <span class='ocrx_word' id='word_1_21' title='bbox 863 366 1058 415; x_wconf 67' lang='lat' dir='ltr'>suspestet,</span> <span class='ocrx_word' id='word_1_22' title='bbox 1086 379 1180 417; x_wconf 82' lang='lat' dir='ltr'>quae</span> <span class='ocrx_word' id='word_1_23' title='bbox 1202 366 1392 418; x_wconf 63' lang='lat' dir='ltr'>suspectari</span> <span class='ocrx_word' id='word_1_24' title='bbox 1411 370 1567 407; x_wconf 79' lang='lat' dir='ltr'>maxime</span> <span class='ocrx_word' id='word_1_25' title='bbox 1584 369 1647 407; x_wconf 74' lang='lat' dir='ltr'>de-</span> 
     </span>
     <span class='ocr_line' id='line_1_4' title="bbox 150 417 1649 466; baseline -0.003 -10"><span class='ocrx_word' id='word_1_26' title='bbox 150 421 302 457; x_wconf 85' lang='lat' dir='ltr'>bebant.</span> <span class='ocrx_word' id='word_1_27' title='bbox 354 422 495 455; x_wconf 84' lang='lat' dir='ltr'>Omnes</span> <span class='ocrx_word' id='word_1_28' title='bbox 515 417 623 452; x_wconf 82' lang='lat' dir='ltr'>timet</span> <span class='ocrx_word' id='word_1_29' title='bbox 643 417 893 458; x_wconf 83' lang='lat' dir='ltr'>Commodus,</span> <span class='ocrx_word' id='word_1_30' title='bbox 932 429 1074 464; x_wconf 83' lang='lat' dir='ltr'>praeter</span> <span class='ocrx_word' id='word_1_31' title='bbox 1092 431 1175 454; x_wconf 84' lang='lat' dir='ltr'>eum</span> <span class='ocrx_word' id='word_1_32' title='bbox 1189 443 1199 460; x_wconf 90' lang='lat'><strong>‚</strong></span> <span class='ocrx_word' id='word_1_33' title='bbox 1236 420 1338 454; x_wconf 86' lang='lat' dir='ltr'>cuius</span> <span class='ocrx_word' id='word_1_34' title='bbox 1359 419 1566 466; x_wconf 80' lang='lat' dir='ltr'>potentiam</span> <span class='ocrx_word' id='word_1_35' title='bbox 1591 421 1649 455; x_wconf 87' lang='lat' dir='ltr'>in.</span> 
     </span>
     <span class='ocr_line' id='line_1_5' title="bbox 150 466 1650 511; baseline 0.002 -10"><span class='ocrx_word' id='word_1_36' title='bbox 150 469 378 505; x_wconf 80' lang='lat' dir='ltr'>crescentem</span> <span class='ocrx_word' id='word_1_37' title='bbox 391 490 401 504; x_wconf 89' lang='lat'>,</span> <span class='ocrx_word' id='word_1_38' title='bbox 430 477 467 501; x_wconf 74' lang='lat' dir='ltr'>et</span> <span class='ocrx_word' id='word_1_39' title='bbox 487 466 700 501; x_wconf 76' lang='lat' dir='ltr'>immensam</span> <span class='ocrx_word' id='word_1_40' title='bbox 719 478 832 511; x_wconf 87' lang='lat' dir='ltr'>opum</span> <span class='ocrx_word' id='word_1_41' title='bbox 852 466 926 501; x_wconf 87' lang='lat' dir='ltr'>vim</span> <span class='ocrx_word' id='word_1_42' title='bbox 940 490 950 506; x_wconf 89' lang='lat'>,</span> <span class='ocrx_word' id='word_1_43' title='bbox 976 479 1015 503; x_wconf 90' lang='lat' dir='ltr'>et</span> <span class='ocrx_word' id='word_1_44' title='bbox 1034 467 1249 503; x_wconf 80' lang='lat' dir='ltr'>insatiabilia</span> <span class='ocrx_word' id='word_1_45' title='bbox 1269 479 1355 503; x_wconf 85' lang='lat' dir='ltr'>vota</span> <span class='ocrx_word' id='word_1_46' title='bbox 1374 469 1431 503; x_wconf 85' lang='lat' dir='ltr'>vel</span> <span class='ocrx_word' id='word_1_47' title='bbox 1453 469 1562 510; x_wconf 78' lang='lat' dir='ltr'>unice</span> <span class='ocrx_word' id='word_1_48' title='bbox 1585 468 1650 511; x_wconf 80' lang='lat' dir='ltr'>de-</span> 
     </span>
     <span class='ocr_line' id='line_1_6' title="bbox 150 509 1650 563; baseline 0 -10"><span class='ocrx_word' id='word_1_49' title='bbox 150 518 281 554; x_wconf 79' lang='lat' dir='ltr'>buerat</span> <span class='ocrx_word' id='word_1_50' title='bbox 299 517 430 552; x_wconf 88' lang='lat' dir='ltr'>timere</span> <span class='ocrx_word' id='word_1_51' title='bbox 452 524 490 550; x_wconf 89' lang='lat' dir='ltr'>et</span> <span class='ocrx_word' id='word_1_52' title='bbox 512 524 660 560; x_wconf 77' lang='lat' dir='ltr'>poterat</span> <span class='ocrx_word' id='word_1_53' title='bbox 683 515 987 550; x_wconf 79' lang='lat' dir='ltr'>animadvertere.</span> <span class='ocrx_word' id='word_1_54' title='bbox 1037 517 1108 551; x_wconf 87' lang='lat' dir='ltr'>Sed</span> <span class='ocrx_word' id='word_1_55' title='bbox 1129 515 1201 551; x_wconf 84' lang='lat' dir='ltr'>hoc</span> <span class='ocrx_word' id='word_1_56' title='bbox 1226 516 1264 552; x_wconf 88' lang='lat' dir='ltr'>in</span> <span class='ocrx_word' id='word_1_57' title='bbox 1296 517 1463 563; x_wconf 72' lang='lat' dir='ltr'>principe</span> <span class='ocrx_word' id='word_1_58' title='bbox 1482 509 1559 553; x_wconf 79' lang='lat' dir='ltr'>non</span> <span class='ocrx_word' id='word_1_59' title='bbox 1583 518 1650 554; x_wconf 79' lang='lat' dir='ltr'>ad-</span> 
     </span>
     <span class='ocr_line' id='line_1_7' title="bbox 148 562 1650 612; baseline -0.001 -10"><span class='ocrx_word' id='word_1_60' title='bbox 148 566 304 602; x_wconf 86' lang='lat' dir='ltr'>modum</span> <span class='ocrx_word' id='word_1_61' title='bbox 326 565 458 600; x_wconf 79' lang='lat' dir='ltr'>callido</span> <span class='ocrx_word' id='word_1_62' title='bbox 480 563 601 597; x_wconf 82' lang='lat' dir='ltr'>minus</span> <span class='ocrx_word' id='word_1_63' title='bbox 621 562 696 598; x_wconf 84' lang='lat' dir='ltr'>fuit</span> <span class='ocrx_word' id='word_1_64' title='bbox 714 562 869 598; x_wconf 81' lang='lat' dir='ltr'>mirum:</span> <span class='ocrx_word' id='word_1_65' title='bbox 899 575 936 599; x_wconf 81' lang='lat' dir='ltr'>ar</span> <span class='ocrx_word' id='word_1_66' title='bbox 955 565 1218 601; x_wconf 73' lang='lat' dir='ltr'>callidiffimum</span> <span class='ocrx_word' id='word_1_67' title='bbox 1242 566 1455 601; x_wconf 82' lang='lat' dir='ltr'>mortalium</span> <span class='ocrx_word' id='word_1_68' title='bbox 1475 576 1514 601; x_wconf 85' lang='lat' dir='ltr'>et</span> <span class='ocrx_word' id='word_1_69' title='bbox 1533 565 1650 612; x_wconf 72' lang='lat' dir='ltr'>suspi-</span> 
     </span>
     <span class='ocr_line' id='line_1_8' title="bbox 150 610 1651 658; baseline 0 -8"><span class='ocrx_word' id='word_1_70' title='bbox 150 615 323 651; x_wconf 84' lang='lat' dir='ltr'>cionibus</span> <span class='ocrx_word' id='word_1_71' title='bbox 344 611 604 649; x_wconf 80' lang='lat' dir='ltr'>deditiffimum</span> <span class='ocrx_word' id='word_1_72' title='bbox 630 610 820 647; x_wconf 85' lang='lat' dir='ltr'>Tiberium</span> <span class='ocrx_word' id='word_1_73' title='bbox 846 610 953 648; x_wconf 82' lang='lat' dir='ltr'>fimili</span> <span class='ocrx_word' id='word_1_74' title='bbox 969 614 1120 658; x_wconf 62' lang='grc' dir='ltr'><em>ἄβλεψιά</em></span> <span class='ocrx_word' id='word_1_75' title='bbox 1147 614 1240 649; x_wconf 83' lang='lat' dir='ltr'>circa</span> <span class='ocrx_word' id='word_1_76' title='bbox 1258 615 1432 650; x_wconf 85' lang='lat' dir='ltr'>Seianum</span> <span class='ocrx_word' id='word_1_77' title='bbox 1459 613 1651 653; x_wconf 75' lang='lat' dir='ltr'>laborasse.</span> 
     </span>
     <span class='ocr_line' id='line_1_9' title="bbox 149 655 1648 710; baseline -0.001 -11"><span class='ocrx_word' id='word_1_78' title='bbox 149 662 300 700; x_wconf 88' lang='lat' dir='ltr'>monstri</span> <span class='ocrx_word' id='word_1_79' title='bbox 323 661 436 697; x_wconf 78' lang='lat' dir='ltr'>limile</span> <span class='ocrx_word' id='word_1_80' title='bbox 454 661 513 696; x_wconf 90' lang='lat' dir='ltr'>est.</span> <span class='ocrx_word' id='word_1_81' title='bbox 564 660 754 697; x_wconf 80' lang='lat' dir='ltr'>Nimirum</span> <span class='ocrx_word' id='word_1_82' title='bbox 778 660 842 696; x_wconf 86' lang='lat' dir='ltr'>tali</span> <span class='ocrx_word' id='word_1_83' title='bbox 863 660 941 697; x_wconf 83' lang='lat' dir='ltr'>fato</span> <span class='ocrx_word' id='word_1_84' title='bbox 963 655 1115 708; x_wconf 68' lang='lat' dir='ltr'>punitur</span> <span class='ocrx_word' id='word_1_85' title='bbox 1135 664 1327 710; x_wconf 87' lang='lat' dir='ltr'>tyrannica</span> <span class='ocrx_word' id='word_1_86' title='bbox 1356 663 1419 698; x_wconf 86' lang='lat' dir='ltr'>illa</span> <span class='ocrx_word' id='word_1_87' title='bbox 1440 661 1648 709; x_wconf 80' lang='lat' dir='ltr'>suspicandi</span> 
     </span>
     <span class='ocr_line' id='line_1_10' title="bbox 147 708 1651 759; baseline -0.001 -10"><span class='ocrx_word' id='word_1_88' title='bbox 147 712 382 759; x_wconf 73' lang='lat' dir='ltr'>malignitas,</span> <span class='ocrx_word' id='word_1_89' title='bbox 408 721 452 745; x_wconf 83' lang='lat' dir='ltr'>ut</span> <span class='ocrx_word' id='word_1_90' title='bbox 477 708 710 758; x_wconf 72' lang='lat' dir='ltr'>intelligant,</span> <span class='ocrx_word' id='word_1_91' title='bbox 744 709 800 750; x_wconf 91' lang='lat' dir='ltr'>se,</span> <span class='ocrx_word' id='word_1_92' title='bbox 829 721 912 744; x_wconf 84' lang='lat' dir='ltr'>curn</span> <span class='ocrx_word' id='word_1_93' title='bbox 932 722 1084 746; x_wconf 83' lang='lat' dir='ltr'>centum</span> <span class='ocrx_word' id='word_1_94' title='bbox 1104 711 1222 747; x_wconf 89' lang='lat' dir='ltr'>oculis</span> <span class='ocrx_word' id='word_1_95' title='bbox 1241 712 1280 747; x_wconf 89' lang='lat' dir='ltr'>in</span> <span class='ocrx_word' id='word_1_96' title='bbox 1303 724 1431 746; x_wconf 83' lang='lat' dir='ltr'>omnes</span> <span class='ocrx_word' id='word_1_97' title='bbox 1451 721 1569 758; x_wconf 83' lang='lat' dir='ltr'>partes</span> <span class='ocrx_word' id='word_1_98' title='bbox 1588 711 1651 747; x_wconf 83' lang='lat' dir='ltr'>vi-</span> 
     </span>
     <span class='ocr_line' id='line_1_11' title="bbox 149 757 1596 811; baseline -0.003 -14"><span class='ocrx_word' id='word_1_99' title='bbox 149 760 370 811; x_wconf 81' lang='lat' dir='ltr'>gilaverint,</span> <span class='ocrx_word' id='word_1_100' title='bbox 398 759 459 794; x_wconf 84' lang='lat' dir='ltr'>illa</span> <span class='ocrx_word' id='word_1_101' title='bbox 478 771 601 805; x_wconf 76' lang='lat' dir='ltr'>parte,</span> <span class='ocrx_word' id='word_1_102' title='bbox 635 758 734 794; x_wconf 83' lang='lat' dir='ltr'>unde</span> <span class='ocrx_word' id='word_1_103' title='bbox 755 757 955 804; x_wconf 83' lang='lat' dir='ltr'>periculum</span> <span class='ocrx_word' id='word_1_104' title='bbox 977 760 1214 800; x_wconf 81' lang='lat' dir='ltr'>imminebat,</span> <span class='ocrx_word' id='word_1_105' title='bbox 1243 759 1461 796; x_wconf 74' lang='lat' dir='ltr'>dormiviffe.</span> <span class='ocrx_word' id='word_1_106' title='bbox 1485 761 1596 795; x_wconf 81' lang='lat' dir='ltr'>Boecl.</span> 
     </span>
    </p>

    <p class='ocr_par' dir='ltr' id='par_1_4' title="bbox 143 806 1699 1634">
     <span class='ocr_line' id='line_1_12' title="bbox 247 806 1699 856; baseline 0 -11"><span class='ocrx_word' id='word_1_107' title='bbox 247 809 328 845; x_wconf 81' lang='lat' dir='ltr'>Nos</span> <span class='ocrx_word' id='word_1_108' title='bbox 347 808 408 842; x_wconf 78' lang='lat' dir='ltr'>hic</span> <span class='ocrx_word' id='word_1_109' title='bbox 429 808 554 854; x_wconf 85' lang='lat' dir='ltr'>potius</span> <span class='ocrx_word' id='word_1_110' title='bbox 572 819 787 854; x_wconf 83' lang='lat' dir='ltr'>quaeremus</span> <span class='ocrx_word' id='word_1_111' title='bbox 808 808 852 843; x_wconf 91' lang='lat' dir='ltr'>de</span> <span class='ocrx_word' id='word_1_112' title='bbox 873 807 1103 844; x_wconf 52' lang='lat' dir='ltr'>distinetione</span> <span class='ocrx_word' id='word_1_113' title='bbox 1127 809 1203 854; x_wconf 85' lang='lat' dir='ltr'>post</span> <span class='ocrx_word' id='word_1_114' title='bbox 1221 809 1338 855; x_wconf 70' lang='grc' dir='ltr'><strong><em>α’ςχῇ,</em></strong></span> <span class='ocrx_word' id='word_1_115' title='bbox 1367 810 1522 845; x_wconf 78' lang='lat' dir='ltr'>maxime</span> <span class='ocrx_word' id='word_1_116' title='bbox 1538 809 1648 856; x_wconf 79' lang='lat' dir='ltr'>obsq.</span> <span class='ocrx_word' id='word_1_117' title='bbox 1690 806 1699 809; x_wconf 33' lang='lat' dir='ltr'><em>s</em></span> 
     </span>
     <span class='ocr_line' id='line_1_13' title="bbox 149 855 1649 903; baseline 0.003 -15"><span class='ocrx_word' id='word_1_118' title='bbox 149 859 204 902; x_wconf 53' lang='lat' dir='ltr'>w)</span> <span class='ocrx_word' id='word_1_119' title='bbox 222 861 411 895; x_wconf 61' lang='grc' dir='ltr'>-πεζθει,</span> <span class='ocrx_word' id='word_1_120' title='bbox 450 855 550 902; x_wconf 69' lang='lat' dir='ltr'>quod</span> <span class='ocrx_word' id='word_1_121' title='bbox 581 858 634 898; x_wconf 59' lang='grc' dir='ltr'>κοιὶ</span> <span class='ocrx_word' id='word_1_122' title='bbox 661 869 741 892; x_wconf 83' lang='lat' dir='ltr'>cum</span> <span class='ocrx_word' id='word_1_123' title='bbox 773 869 806 892; x_wconf 92' lang='grc' dir='ltr'>ν.</span> <span class='ocrx_word' id='word_1_124' title='bbox 836 857 909 891; x_wconf 85' lang='lat' dir='ltr'>hoc</span> <span class='ocrx_word' id='word_1_125' title='bbox 924 871 991 894; x_wconf 63' lang='lat' dir='ltr'>orer.</span> <span class='ocrx_word' id='word_1_126' title='bbox 1020 855 1219 902; x_wconf 80' lang='lat' dir='ltr'>praesentis</span> <span class='ocrx_word' id='word_1_127' title='bbox 1239 857 1417 903; x_wconf 77' lang='lat' dir='ltr'>temporis</span> <span class='ocrx_word' id='word_1_128' title='bbox 1437 856 1462 892; x_wconf 81' lang='lat' dir='ltr'>fi</span> <span class='ocrx_word' id='word_1_129' title='bbox 1488 858 1649 894; x_wconf 73' lang='lat' dir='ltr'>nestitur</span> 
     </span>
     <span class='ocr_line' id='line_1_14' title="bbox 146 904 1650 953; baseline 0 -9"><span class='ocrx_word' id='word_1_130' title='bbox 146 920 232 945; x_wconf 87' lang='lat' dir='ltr'>cum</span> <span class='ocrx_word' id='word_1_131' title='bbox 254 921 306 953; x_wconf 80' lang='lat' dir='ltr'>pr.</span> <span class='ocrx_word' id='word_1_132' title='bbox 330 905 435 953; x_wconf 83' lang='lat' dir='ltr'>impf.</span> <span class='ocrx_word' id='word_1_133' title='bbox 464 910 555 950; x_wconf 74' lang='grc' dir='ltr'><strong>ἐπεβ.</strong></span> <span class='ocrx_word' id='word_1_134' title='bbox 579 918 642 950; x_wconf 84' lang='lat' dir='ltr'>per</span> <span class='ocrx_word' id='word_1_135' title='bbox 663 904 932 940; x_wconf 63' lang='lat' dir='ltr'>distinetionem</span> <span class='ocrx_word' id='word_1_136' title='bbox 954 906 1166 947; x_wconf 81' lang='lat' dir='ltr'>minimam,</span> <span class='ocrx_word' id='word_1_137' title='bbox 1199 905 1290 941; x_wconf 79' lang='lat' dir='ltr'>facit</span> <span class='ocrx_word' id='word_1_138' title='bbox 1318 906 1416 941; x_wconf 86' lang='lat' dir='ltr'>illam</span> <span class='ocrx_word' id='word_1_139' title='bbox 1437 916 1650 952; x_wconf 83' lang='lat' dir='ltr'>temporum</span> 
     </span>
     <span class='ocr_line' id='line_1_15' title="bbox 147 953 1648 1004; baseline -0.001 -12"><span class='ocrx_word' id='word_1_140' title='bbox 147 957 365 1004; x_wconf 80' lang='lat' dir='ltr'>enallagen,</span> <span class='ocrx_word' id='word_1_141' title='bbox 396 967 464 1002; x_wconf 85' lang='lat' dir='ltr'>qua</span> <span class='ocrx_word' id='word_1_142' title='bbox 483 955 528 989; x_wconf 91' lang='lat' dir='ltr'>de</span> <span class='ocrx_word' id='word_1_143' title='bbox 548 957 590 990; x_wconf 87' lang='lat' dir='ltr'>ad</span> <span class='ocrx_word' id='word_1_144' title='bbox 604 953 636 1000; x_wconf 49' lang='grc' dir='ltr'>ᾖ.</span> <span class='ocrx_word' id='word_1_145' title='bbox 662 967 712 1000; x_wconf 87' lang='lat' dir='ltr'>pr.</span> <span class='ocrx_word' id='word_1_146' title='bbox 732 967 779 989; x_wconf 91' lang='lat' dir='ltr'>m.</span> <span class='ocrx_word' id='word_1_147' title='bbox 799 955 954 991; x_wconf 65' lang='grc' dir='ltr'><strong>ἐπεδεικν.</strong></span> <span class='ocrx_word' id='word_1_148' title='bbox 1010 956 1104 990; x_wconf 84' lang='lat' dir='ltr'>Cum</span> <span class='ocrx_word' id='word_1_149' title='bbox 1136 953 1211 1000; x_wconf 86' lang='lat' dir='ltr'>post</span> <span class='ocrx_word' id='word_1_150' title='bbox 1235 955 1331 1001; x_wconf 62' lang='grc' dir='ltr'>ἀρχῇ</span> <span class='ocrx_word' id='word_1_151' title='bbox 1355 954 1474 989; x_wconf 88' lang='lat' dir='ltr'>adhuc</span> <span class='ocrx_word' id='word_1_152' title='bbox 1502 965 1648 990; x_wconf 84' lang='lat' dir='ltr'>maneat</span> 
     </span>
     <span class='ocr_line' id='line_1_16' title="bbox 146 1001 1650 1050; baseline -0.003 -7"><span class='ocrx_word' id='word_1_153' title='bbox 146 1007 276 1043; x_wconf 80' lang='lat' dir='ltr'>eadem</span> <span class='ocrx_word' id='word_1_154' title='bbox 295 1002 512 1040; x_wconf 61' lang='lat' dir='ltr'>constriiffio</span> <span class='ocrx_word' id='word_1_155' title='bbox 526 1027 537 1044; x_wconf 89' lang='lat'>,</span> <span class='ocrx_word' id='word_1_156' title='bbox 570 1017 634 1050; x_wconf 82' lang='lat' dir='ltr'>per</span> <span class='ocrx_word' id='word_1_157' title='bbox 653 1003 927 1038; x_wconf 86' lang='lat' dir='ltr'>nominativum</span> <span class='ocrx_word' id='word_1_158' title='bbox 946 1003 964 1038; x_wconf 80' lang='grc' dir='ltr'><em>ὅ</em></span> <span class='ocrx_word' id='word_1_159' title='bbox 984 1013 1060 1048; x_wconf 66' lang='grc' dir='ltr'>Περ.</span> <span class='ocrx_word' id='word_1_160' title='bbox 1083 1013 1237 1049; x_wconf 72' lang='lat' dir='ltr'>coepta,</span> <span class='ocrx_word' id='word_1_161' title='bbox 1265 1015 1390 1050; x_wconf 87' lang='lat' dir='ltr'>neque</span> <span class='ocrx_word' id='word_1_162' title='bbox 1409 1004 1488 1050; x_wconf 79' lang='lat' dir='ltr'>post</span> <span class='ocrx_word' id='word_1_163' title='bbox 1507 1002 1589 1050; x_wconf 69' lang='grc' dir='ltr'>ᾰςχ.</span> <span class='ocrx_word' id='word_1_164' title='bbox 1605 1001 1650 1039; x_wconf 83' lang='lat' dir='ltr'>fic</span> 
     </span>
     <span class='ocr_line' id='line_1_17' title="bbox 146 1051 1665 1099; baseline -0.004 -8"><span class='ocrx_word' id='word_1_165' title='bbox 146 1053 535 1092; x_wconf 71' lang='lat' dir='ltr'>alius-nominativus,</span> <span class='ocrx_word' id='word_1_166' title='bbox 563 1052 664 1088; x_wconf 86' lang='lat' dir='ltr'>unde</span> <span class='ocrx_word' id='word_1_167' title='bbox 683 1051 842 1098; x_wconf 87' lang='lat' dir='ltr'>pendeat</span> <span class='ocrx_word' id='word_1_168' title='bbox 864 1064 899 1086; x_wconf 93' lang='lat' dir='ltr'>v.</span> <span class='ocrx_word' id='word_1_169' title='bbox 919 1054 1047 1093; x_wconf 67' lang='grc' dir='ltr'>πείθει,</span> <span class='ocrx_word' id='word_1_170' title='bbox 1083 1052 1142 1087; x_wconf 91' lang='lat' dir='ltr'>sed</span> <span class='ocrx_word' id='word_1_171' title='bbox 1164 1052 1236 1087; x_wconf 84' lang='lat' dir='ltr'>hoc</span> <span class='ocrx_word' id='word_1_172' title='bbox 1256 1052 1365 1099; x_wconf 83' lang='lat' dir='ltr'>possit</span> <span class='ocrx_word' id='word_1_173' title='bbox 1384 1051 1503 1087; x_wconf 87' lang='lat' dir='ltr'>adhuc</span> <span class='ocrx_word' id='word_1_174' title='bbox 1521 1053 1564 1086; x_wconf 87' lang='lat' dir='ltr'>ad</span> <span class='ocrx_word' id='word_1_175' title='bbox 1593 1064 1665 1086; x_wconf 77' lang='lat' dir='ltr'>re·-</span> 
     </span>
     <span class='ocr_line' id='line_1_18' title="bbox 144 1100 1653 1148; baseline -0.005 -6"><span class='ocrx_word' id='word_1_176' title='bbox 144 1115 294 1143; x_wconf 86' lang='lat' dir='ltr'>motum</span> <span class='ocrx_word' id='word_1_177' title='bbox 314 1103 332 1140; x_wconf 83' lang='lat' dir='ltr'>o‘</span> <span class='ocrx_word' id='word_1_178' title='bbox 350 1114 428 1148; x_wconf 67' lang='lat' dir='ltr'>Usq-</span> <span class='ocrx_word' id='word_1_179' title='bbox 447 1100 652 1148; x_wconf 86' lang='lat' dir='ltr'>pertinere:</span> <span class='ocrx_word' id='word_1_180' title='bbox 683 1101 767 1136; x_wconf 82' lang='lat' dir='ltr'>sane</span> <span class='ocrx_word' id='word_1_181' title='bbox 788 1113 930 1135; x_wconf 85' lang='lat' dir='ltr'>comma</span> <span class='ocrx_word' id='word_1_182' title='bbox 949 1101 1026 1147; x_wconf 83' lang='lat' dir='ltr'>post</span> <span class='ocrx_word' id='word_1_183' title='bbox 1047 1101 1129 1147; x_wconf 65' lang='grc' dir='ltr'>ὦρχ.</span> <span class='ocrx_word' id='word_1_184' title='bbox 1146 1102 1269 1137; x_wconf 87' lang='lat' dir='ltr'>locum</span> <span class='ocrx_word' id='word_1_185' title='bbox 1290 1102 1436 1138; x_wconf 90' lang='lat' dir='ltr'>obtinet</span> <span class='ocrx_word' id='word_1_186' title='bbox 1451 1111 1534 1136; x_wconf 84' lang='lat' dir='ltr'>cum</span> <span class='ocrx_word' id='word_1_187' title='bbox 1549 1101 1653 1135; x_wconf 71' lang='lat' dir='ltr'>enat·</span> 
     </span>
     <span class='ocr_line' id='line_1_19' title="bbox 145 1148 1648 1203; baseline -0.004 -13"><span class='ocrx_word' id='word_1_188' title='bbox 145 1155 230 1203; x_wconf 83' lang='lat' dir='ltr'>lage</span> <span class='ocrx_word' id='word_1_189' title='bbox 252 1152 335 1194; x_wconf 82' lang='lat' dir='ltr'>ista,</span> <span class='ocrx_word' id='word_1_190' title='bbox 369 1164 478 1200; x_wconf 81' lang='lat' dir='ltr'>quam</span> <span class='ocrx_word' id='word_1_191' title='bbox 502 1150 619 1187; x_wconf 84' lang='lat' dir='ltr'>rursus</span> <span class='ocrx_word' id='word_1_192' title='bbox 639 1149 749 1187; x_wconf 90' lang='lat' dir='ltr'>tollet</span> <span class='ocrx_word' id='word_1_193' title='bbox 770 1150 950 1186; x_wconf 67' lang='lat' dir='ltr'>distinffio</span> <span class='ocrx_word' id='word_1_194' title='bbox 970 1149 1048 1196; x_wconf 87' lang='lat' dir='ltr'>post</span> <span class='ocrx_word' id='word_1_195' title='bbox 1070 1151 1151 1196; x_wconf 69' lang='grc' dir='ltr'>οέςχ,</span> <span class='ocrx_word' id='word_1_196' title='bbox 1170 1150 1299 1192; x_wconf 88' lang='lat' dir='ltr'>maior,</span> <span class='ocrx_word' id='word_1_197' title='bbox 1331 1151 1402 1185; x_wconf 91' lang='lat' dir='ltr'>hoc</span> <span class='ocrx_word' id='word_1_198' title='bbox 1423 1149 1519 1189; x_wconf 74' lang='lat' dir='ltr'>nixa,</span> <span class='ocrx_word' id='word_1_199' title='bbox 1546 1148 1648 1196; x_wconf 86' lang='lat' dir='ltr'>quod</span> 
     </span>
     <span class='ocr_line' id='line_1_20' title="bbox 146 1198 1648 1246; baseline -0.003 -7"><span class='ocrx_word' id='word_1_200' title='bbox 146 1215 228 1241; x_wconf 85' lang='lat' dir='ltr'>non</span> <span class='ocrx_word' id='word_1_201' title='bbox 248 1202 360 1237; x_wconf 90' lang='lat' dir='ltr'>modo</span> <span class='ocrx_word' id='word_1_202' title='bbox 389 1212 518 1235; x_wconf 89' lang='lat' dir='ltr'>omnes</span> <span class='ocrx_word' id='word_1_203' title='bbox 535 1199 706 1246; x_wconf 84' lang='lat' dir='ltr'>linguae,</span> <span class='ocrx_word' id='word_1_204' title='bbox 748 1198 972 1234; x_wconf 87' lang='lat' dir='ltr'>nominatim</span> <span class='ocrx_word' id='word_1_205' title='bbox 994 1200 1070 1233; x_wconf 87' lang='lat' dir='ltr'>Lat.</span> <span class='ocrx_word' id='word_1_206' title='bbox 1092 1210 1131 1234; x_wconf 85' lang='lat' dir='ltr'>et</span> <span class='ocrx_word' id='word_1_207' title='bbox 1150 1200 1280 1235; x_wconf 88' lang='lat' dir='ltr'>Cicero</span> <span class='ocrx_word' id='word_1_208' title='bbox 1299 1198 1415 1240; x_wconf 86' lang='lat' dir='ltr'>adeo,</span> <span class='ocrx_word' id='word_1_209' title='bbox 1453 1198 1648 1245; x_wconf 81' lang='lat' dir='ltr'>periodum</span> 
     </span>
     <span class='ocr_line' id='line_1_21' title="bbox 145 1246 1650 1296; baseline -0.005 -8"><span class='ocrx_word' id='word_1_210' title='bbox 145 1264 188 1289; x_wconf 83' lang='lat' dir='ltr'>et</span> <span class='ocrx_word' id='word_1_211' title='bbox 206 1249 511 1288; x_wconf 73' lang='lat' dir='ltr'>enunciationem</span> <span class='ocrx_word' id='word_1_212' title='bbox 532 1260 665 1284; x_wconf 89' lang='lat' dir='ltr'>novam</span> <span class='ocrx_word' id='word_1_213' title='bbox 685 1246 877 1295; x_wconf 76' lang='lat' dir='ltr'>incipiunt</span> <span class='ocrx_word' id='word_1_214' title='bbox 895 1260 912 1282; x_wconf 90' lang='lat' dir='ltr'>a</span> <span class='ocrx_word' id='word_1_215' title='bbox 935 1246 1126 1294; x_wconf 72' lang='lat' dir='ltr'>particula,</span> <span class='ocrx_word' id='word_1_216' title='bbox 1160 1259 1254 1296; x_wconf 84' lang='lat' dir='ltr'>quae</span> <span class='ocrx_word' id='word_1_217' title='bbox 1277 1248 1328 1283; x_wconf 81' lang='lat' dir='ltr'>illi</span> <span class='ocrx_word' id='word_1_218' title='bbox 1350 1249 1415 1283; x_wconf 84' lang='lat' dir='ltr'>Gr.</span> <span class='ocrx_word' id='word_1_219' title='bbox 1434 1246 1489 1291; x_wconf 56' lang='lat' dir='ltr'>xe)</span> <span class='ocrx_word' id='word_1_220' title='bbox 1510 1259 1574 1294; x_wconf 84' lang='lat' dir='ltr'>par</span> <span class='ocrx_word' id='word_1_221' title='bbox 1588 1247 1650 1289; x_wconf 83' lang='lat' dir='ltr'>est,</span> 
     </span>
     <span class='ocr_line' id='line_1_22' title="bbox 145 1294 1650 1344; baseline -0.005 -6"><span class='ocrx_word' id='word_1_222' title='bbox 145 1301 210 1339; x_wconf 81' lang='lat' dir='ltr'>fed</span> <span class='ocrx_word' id='word_1_223' title='bbox 232 1300 340 1337; x_wconf 83' lang='lat' dir='ltr'>etiam</span> <span class='ocrx_word' id='word_1_224' title='bbox 361 1297 408 1334; x_wconf 79' lang='lat' dir='ltr'>sic</span> <span class='ocrx_word' id='word_1_225' title='bbox 426 1296 616 1344; x_wconf 87' lang='lat' dir='ltr'>incipiunt</span> <span class='ocrx_word' id='word_1_226' title='bbox 636 1308 712 1332; x_wconf 83' lang='lat' dir='ltr'>tum</span> <span class='ocrx_word' id='word_1_227' title='bbox 727 1321 737 1338; x_wconf 87' lang='lat'><em>‚</em></span> <span class='ocrx_word' id='word_1_228' title='bbox 763 1297 826 1332; x_wconf 82' lang='lat' dir='ltr'>ubi</span> <span class='ocrx_word' id='word_1_229' title='bbox 846 1298 944 1332; x_wconf 88' lang='lat' dir='ltr'>deest</span> <span class='ocrx_word' id='word_1_230' title='bbox 961 1294 1213 1332; x_wconf 83' lang='lat' dir='ltr'>nominativus</span> <span class='ocrx_word' id='word_1_231' title='bbox 1238 1297 1275 1332; x_wconf 90' lang='lat' dir='ltr'>in</span> <span class='ocrx_word' id='word_1_232' title='bbox 1295 1309 1388 1332; x_wconf 85' lang='lat' dir='ltr'>nova</span> <span class='ocrx_word' id='word_1_233' title='bbox 1410 1296 1650 1331; x_wconf 85' lang='lat' dir='ltr'>enunciatio-</span> 
     </span>
     <span class='ocr_line' id='line_1_23' title="bbox 145 1343 1650 1393; baseline -0.005 -6"><span class='ocrx_word' id='word_1_234' title='bbox 145 1363 199 1387; x_wconf 87' lang='lat' dir='ltr'>:ne</span> <span class='ocrx_word' id='word_1_235' title='bbox 216 1362 254 1386; x_wconf 89' lang='lat' dir='ltr'>et</span> <span class='ocrx_word' id='word_1_236' title='bbox 271 1349 420 1385; x_wconf 85' lang='lat' dir='ltr'>latetin</span> <span class='ocrx_word' id='word_1_237' title='bbox 439 1359 492 1393; x_wconf 87' lang='lat' dir='ltr'>pr.</span> <span class='ocrx_word' id='word_1_238' title='bbox 511 1344 768 1385; x_wconf 66' lang='lat' dir='ltr'>nominativm</span> <span class='ocrx_word' id='word_1_239' title='bbox 806 1345 908 1391; x_wconf 85' lang='lat' dir='ltr'>quod</span> <span class='ocrx_word' id='word_1_240' title='bbox 928 1344 970 1381; x_wconf 83' lang='lat' dir='ltr'>fit</span> <span class='ocrx_word' id='word_1_241' title='bbox 989 1345 1148 1380; x_wconf 87' lang='lat' dir='ltr'>maxime</span> <span class='ocrx_word' id='word_1_242' title='bbox 1169 1345 1207 1381; x_wconf 84' lang='lat' dir='ltr'>in</span> <span class='ocrx_word' id='word_1_243' title='bbox 1227 1343 1283 1380; x_wconf 88' lang='lat' dir='ltr'>his</span> <span class='ocrx_word' id='word_1_244' title='bbox 1304 1344 1465 1392; x_wconf 82' lang='lat' dir='ltr'>linguis,</span> <span class='ocrx_word' id='word_1_245' title='bbox 1492 1356 1650 1391; x_wconf 84' lang='lat' dir='ltr'>quarum</span> 
     </span>
     <span class='ocr_line' id='line_1_24' title="bbox 146 1393 1650 1442; baseline -0.005 -8"><span class='ocrx_word' id='word_1_246' title='bbox 146 1401 261 1436; x_wconf 80' lang='lat' dir='ltr'>verba</span> <span class='ocrx_word' id='word_1_247' title='bbox 284 1410 361 1434; x_wconf 88' lang='lat' dir='ltr'>non</span> <span class='ocrx_word' id='word_1_248' title='bbox 384 1409 476 1442; x_wconf 78' lang='lat' dir='ltr'>opus</span> <span class='ocrx_word' id='word_1_249' title='bbox 500 1397 639 1432; x_wconf 83' lang='lat' dir='ltr'>habent</span> <span class='ocrx_word' id='word_1_250' title='bbox 657 1395 854 1431; x_wconf 70' lang='lat' dir='ltr'>necess&#39;nrio</span> <span class='ocrx_word' id='word_1_251' title='bbox 875 1408 916 1430; x_wconf 88' lang='lat' dir='ltr'>ac</span> <span class='ocrx_word' id='word_1_252' title='bbox 942 1394 1084 1441; x_wconf 81' lang='lat' dir='ltr'>semper</span> <span class='ocrx_word' id='word_1_253' title='bbox 1103 1395 1257 1430; x_wconf 84' lang='lat' dir='ltr'>articulo</span> <span class='ocrx_word' id='word_1_254' title='bbox 1279 1394 1302 1430; x_wconf 84' lang='lat' dir='ltr'>s.</span> <span class='ocrx_word' id='word_1_255' title='bbox 1323 1393 1570 1441; x_wconf 83' lang='lat' dir='ltr'>pronomine,</span> <span class='ocrx_word' id='word_1_256' title='bbox 1605 1402 1650 1427; x_wconf 86' lang='lat' dir='ltr'>ut</span> 
     </span>
     <span class='ocr_line' id='line_1_25' title="bbox 147 1442 1650 1490; baseline -0.005 -6"><span class='ocrx_word' id='word_1_257' title='bbox 147 1448 290 1487; x_wconf 86' lang='lat' dir='ltr'>Gallica</span> <span class='ocrx_word' id='word_1_258' title='bbox 312 1456 351 1482; x_wconf 87' lang='lat' dir='ltr'>et</span> <span class='ocrx_word' id='word_1_259' title='bbox 370 1447 505 1485; x_wconf 84' lang='lat' dir='ltr'>Vern.‚</span> <span class='ocrx_word' id='word_1_260' title='bbox 533 1444 594 1480; x_wconf 87' lang='lat' dir='ltr'>sed</span> <span class='ocrx_word' id='word_1_261' title='bbox 618 1455 713 1489; x_wconf 83' lang='lat' dir='ltr'>quae</span> <span class='ocrx_word' id='word_1_262' title='bbox 733 1442 881 1490; x_wconf 80' lang='lat' dir='ltr'>poffunt</span> <span class='ocrx_word' id='word_1_263' title='bbox 900 1446 1007 1479; x_wconf 71' lang='lat' dir='ltr'>verba</span> <span class='ocrx_word' id='word_1_264' title='bbox 1028 1443 1129 1478; x_wconf 78' lang='lat' dir='ltr'>uude</span> <span class='ocrx_word' id='word_1_265' title='bbox 1151 1444 1336 1488; x_wconf 77' lang='lat' dir='ltr'>proferre,</span> <span class='ocrx_word' id='word_1_266' title='bbox 1359 1454 1400 1479; x_wconf 91' lang='lat' dir='ltr'>ut</span> <span class='ocrx_word' id='word_1_267' title='bbox 1418 1443 1496 1478; x_wconf 81' lang='lat' dir='ltr'>Lat.</span> <span class='ocrx_word' id='word_1_268' title='bbox 1517 1453 1555 1478; x_wconf 87' lang='lat' dir='ltr'>et</span> <span class='ocrx_word' id='word_1_269' title='bbox 1569 1443 1650 1482; x_wconf 69' lang='lat' dir='ltr'>Gn,</span> 
     </span>
     <span class='ocr_line' id='line_1_26' title="bbox 144 1490 1650 1547; baseline -0.004 -14"><span class='ocrx_word' id='word_1_270' title='bbox 144 1509 243 1547; x_wconf 82' lang='lat' dir='ltr'>quae</span> <span class='ocrx_word' id='word_1_271' title='bbox 264 1497 325 1532; x_wconf 90' lang='lat' dir='ltr'>hic</span> <span class='ocrx_word' id='word_1_272' title='bbox 347 1494 424 1542; x_wconf 89' lang='lat' dir='ltr'>post</span> <span class='ocrx_word' id='word_1_273' title='bbox 441 1492 494 1530; x_wconf 64' lang='lat' dir='ltr'>xo«)</span> <span class='ocrx_word' id='word_1_274' title='bbox 514 1492 681 1527; x_wconf 84' lang='lat' dir='ltr'>admittit</span> <span class='ocrx_word' id='word_1_275' title='bbox 701 1504 806 1538; x_wconf 83' lang='lat' dir='ltr'>pron.</span> <span class='ocrx_word' id='word_1_276' title='bbox 827 1490 945 1533; x_wconf 64' lang='grc' dir='ltr'>οὗτος.</span> <span class='ocrx_word' id='word_1_277' title='bbox 982 1491 1104 1532; x_wconf 60' lang='lat' dir='ltr'>mittit,</span> <span class='ocrx_word' id='word_1_278' title='bbox 1143 1496 1281 1532; x_wconf 76' lang='grc' dir='ltr'>ἐκεῖνος,</span> <span class='ocrx_word' id='word_1_279' title='bbox 1317 1492 1425 1538; x_wconf 85' lang='lat' dir='ltr'>saepe</span> <span class='ocrx_word' id='word_1_280' title='bbox 1447 1491 1536 1526; x_wconf 84' lang='lat' dir='ltr'>illud</span> <span class='ocrx_word' id='word_1_281' title='bbox 1566 1493 1650 1536; x_wconf 75' lang='lat' dir='ltr'>sup-</span> 
     </span>
     <span class='ocr_line' id='line_1_27' title="bbox 143 1539 1654 1596; baseline -0.005 -13"><span class='ocrx_word' id='word_1_282' title='bbox 143 1546 348 1596; x_wconf 74' lang='lat' dir='ltr'>plendum3</span> <span class='ocrx_word' id='word_1_283' title='bbox 373 1544 474 1580; x_wconf 87' lang='lat' dir='ltr'>unde</span> <span class='ocrx_word' id='word_1_284' title='bbox 488 1542 564 1587; x_wconf 79' lang='lat' dir='ltr'>post</span> <span class='ocrx_word' id='word_1_285' title='bbox 583 1542 668 1587; x_wconf 65' lang='grc' dir='ltr'>ἅρχ.</span> <span class='ocrx_word' id='word_1_286' title='bbox 690 1542 776 1576; x_wconf 72' lang='lat' dir='ltr'>stare</span> <span class='ocrx_word' id='word_1_287' title='bbox 799 1541 917 1586; x_wconf 81' lang='lat' dir='ltr'>potest</span> <span class='ocrx_word' id='word_1_288' title='bbox 937 1540 1115 1585; x_wconf 50' lang='lat' dir='ltr'>punctum</span> <span class='ocrx_word' id='word_1_289' title='bbox 1136 1552 1198 1576; x_wconf 79' lang='lat' dir='ltr'>aut</span> <span class='ocrx_word' id='word_1_290' title='bbox 1215 1541 1338 1580; x_wconf 87' lang='lat' dir='ltr'>colon,</span> <span class='ocrx_word' id='word_1_291' title='bbox 1368 1539 1470 1586; x_wconf 90' lang='lat' dir='ltr'>quod</span> <span class='ocrx_word' id='word_1_292' title='bbox 1483 1552 1552 1576; x_wconf 88' lang='lat' dir='ltr'>nos</span> <span class='ocrx_word' id='word_1_293' title='bbox 1566 1551 1654 1575; x_wconf 84' lang='lat' dir='ltr'>cum-</span> 
     </span>
     <span class='ocr_line' id='line_1_28' title="bbox 145 1589 998 1634; baseline -0.011 -1"><span class='ocrx_word' id='word_1_294' title='bbox 145 1598 221 1634; x_wconf 88' lang='lat' dir='ltr'>Ms.</span> <span class='ocrx_word' id='word_1_295' title='bbox 244 1595 423 1633; x_wconf 86' lang='lat' dir='ltr'>fecimus,</span> <span class='ocrx_word' id='word_1_296' title='bbox 454 1591 544 1626; x_wconf 83' lang='lat' dir='ltr'>olim</span> <span class='ocrx_word' id='word_1_297' title='bbox 568 1601 607 1625; x_wconf 87' lang='lat' dir='ltr'>et</span> <span class='ocrx_word' id='word_1_298' title='bbox 626 1589 752 1625; x_wconf 52' lang='lat' dir='ltr'>rafim}</span> <span class='ocrx_word' id='word_1_299' title='bbox 775 1589 812 1624; x_wconf 91' lang='lat' dir='ltr'>in</span> <span class='ocrx_word' id='word_1_300' title='bbox 833 1591 910 1625; x_wconf 84' lang='lat' dir='ltr'>Lat.</span> <span class='ocrx_word' id='word_1_301' title='bbox 938 1591 998 1624; x_wconf 88' lang='lat' dir='ltr'>Vs.</span> 
     </span>
    </p>

    <p class='ocr_par' dir='ltr' id='par_1_5' title="bbox 142 1636 1663 2525">
     <span class='ocr_line' id='line_1_29' title="bbox 199 1636 1654 1685; baseline -0.006 -3"><span class='ocrx_word' id='word_1_302' title='bbox 199 1653 252 1682; x_wconf 72' lang='grc' dir='ltr'>καὶ</span> <span class='ocrx_word' id='word_1_303' title='bbox 272 1648 344 1684; x_wconf 79' lang='grc' dir='ltr'>τοῖς</span> <span class='ocrx_word' id='word_1_304' title='bbox 364 1658 403 1678; x_wconf 81' lang='grc' dir='ltr'>τε</span> <span class='ocrx_word' id='word_1_305' title='bbox 422 1642 481 1684; x_wconf 77' lang='grc' dir='ltr'>υἱ.)</span> <span class='ocrx_word' id='word_1_306' title='bbox 505 1639 643 1674; x_wconf 77' lang='lat' dir='ltr'>Tribus</span> <span class='ocrx_word' id='word_1_307' title='bbox 666 1637 756 1673; x_wconf 78' lang='lat' dir='ltr'>locis</span> <span class='ocrx_word' id='word_1_308' title='bbox 786 1639 841 1673; x_wconf 85' lang='lat' dir='ltr'>his</span> <span class='ocrx_word' id='word_1_309' title='bbox 862 1637 898 1683; x_wconf 66' lang='grc'><strong>(5.,</strong></span> <span class='ocrx_word' id='word_1_310' title='bbox 916 1651 948 1673; x_wconf 82' lang='lat'>2.</span> <span class='ocrx_word' id='word_1_311' title='bbox 970 1650 1001 1683; x_wconf 90' lang='lat'>3.</span> <span class='ocrx_word' id='word_1_312' title='bbox 1024 1639 1062 1673; x_wconf 79' lang='lat' dir='ltr'>e&#39;t</span> <span class='ocrx_word' id='word_1_313' title='bbox 1087 1649 1140 1673; x_wconf 72' lang='grc' dir='ltr'>Π.</span> <span class='ocrx_word' id='word_1_314' title='bbox 1166 1637 1332 1685; x_wconf 78' lang='lat' dir='ltr'>loquitur</span> <span class='ocrx_word' id='word_1_315' title='bbox 1361 1637 1488 1673; x_wconf 65' lang='lat' dir='ltr'>auStor</span> <span class='ocrx_word' id='word_1_316' title='bbox 1518 1636 1564 1672; x_wconf 90' lang='lat' dir='ltr'>de</span> <span class='ocrx_word' id='word_1_317' title='bbox 1586 1637 1654 1673; x_wconf 84' lang='lat' dir='ltr'>Pe-</span> 
     </span>
     <span class='ocr_line' id='line_1_30' title="bbox 144 1686 1654 1739; baseline -0.007 -8"><span class='ocrx_word' id='word_1_318' title='bbox 144 1693 272 1732; x_wconf 84' lang='lat' dir='ltr'>:rennii</span> <span class='ocrx_word' id='word_1_319' title='bbox 295 1692 388 1739; x_wconf 81' lang='lat' dir='ltr'>filiis</span> <span class='ocrx_word' id='word_1_320' title='bbox 416 1690 455 1725; x_wconf 86' lang='lat' dir='ltr'>in</span> <span class='ocrx_word' id='word_1_321' title='bbox 485 1699 642 1724; x_wconf 77' lang='lat' dir='ltr'>numero</span> <span class='ocrx_word' id='word_1_322' title='bbox 675 1687 941 1722; x_wconf 75' lang='lat' dir='ltr'>multitudinis,</span> <span class='ocrx_word' id='word_1_323' title='bbox 996 1686 1134 1722; x_wconf 82' lang='lat' dir='ltr'>Eodem</span> <span class='ocrx_word' id='word_1_324' title='bbox 1166 1687 1279 1722; x_wconf 88' lang='lat' dir='ltr'>modo</span> <span class='ocrx_word' id='word_1_325' title='bbox 1309 1687 1412 1731; x_wconf 87' lang='lat' dir='ltr'>loqui</span> <span class='ocrx_word' id='word_1_326' title='bbox 1443 1686 1488 1720; x_wconf 92' lang='lat' dir='ltr'>de</span> <span class='ocrx_word' id='word_1_327' title='bbox 1517 1686 1654 1721; x_wconf 70' lang='lat' dir='ltr'>iisdem.</span> 
     </span>
     <span class='ocr_line' id='line_1_31' title="bbox 144 1732 1663 1792; baseline -0.005 -16"><span class='ocrx_word' id='word_1_328' title='bbox 144 1743 269 1792; x_wconf 79' lang='lat' dir='ltr'>pergit</span> <span class='ocrx_word' id='word_1_329' title='bbox 294 1742 326 1785; x_wconf 64' lang='lat'>§-</span> <span class='ocrx_word' id='word_1_330' title='bbox 353 1744 406 1775; x_wconf 85' lang='lat'>16.</span> <span class='ocrx_word' id='word_1_331' title='bbox 457 1739 529 1773; x_wconf 90' lang='lat' dir='ltr'>Sed</span> <span class='ocrx_word' id='word_1_332' title='bbox 559 1749 641 1771; x_wconf 67' lang='lat' dir='ltr'>mot</span> <span class='ocrx_word' id='word_1_333' title='bbox 665 1736 695 1782; x_wconf 83' lang='lat'>§.</span> <span class='ocrx_word' id='word_1_334' title='bbox 721 1747 774 1778; x_wconf 80' lang='lat'>¹7-</span> <span class='ocrx_word' id='word_1_335' title='bbox 797 1747 851 1772; x_wconf 82' lang='lat'>20.</span> <span class='ocrx_word' id='word_1_336' title='bbox 873 1747 928 1772; x_wconf 75' lang='lat'>21.</span> <span class='ocrx_word' id='word_1_337' title='bbox 953 1747 1008 1770; x_wconf 81' lang='lat'>22.</span> <span class='ocrx_word' id='word_1_338' title='bbox 1044 1746 1082 1770; x_wconf 87' lang='lat' dir='ltr'>et</span> <span class='ocrx_word' id='word_1_339' title='bbox 1112 1746 1167 1780; x_wconf 86' lang='lat'>²3-</span> <span class='ocrx_word' id='word_1_340' title='bbox 1198 1748 1276 1770; x_wconf 87' lang='lat' dir='ltr'>non</span> <span class='ocrx_word' id='word_1_341' title='bbox 1298 1734 1363 1770; x_wconf 78' lang='lat' dir='ltr'>nili</span> <span class='ocrx_word' id='word_1_342' title='bbox 1393 1736 1440 1770; x_wconf 87' lang='lat' dir='ltr'>de</span> <span class='ocrx_word' id='word_1_343' title='bbox 1472 1747 1537 1770; x_wconf 82' lang='lat' dir='ltr'>uno</span> <span class='ocrx_word' id='word_1_344' title='bbox 1568 1732 1663 1770; x_wconf 77' lang='lat' dir='ltr'>filio-</span> 
     </span>
     <span class='ocr_line' id='line_1_32' title="bbox 144 1783 1648 1832; baseline -0.008 -3"><span class='ocrx_word' id='word_1_345' title='bbox 144 1785 380 1830; x_wconf 71' lang='lat' dir='ltr'>mentionem</span> <span class='ocrx_word' id='word_1_346' title='bbox 402 1786 501 1823; x_wconf 82' lang='lat' dir='ltr'>facit.</span> <span class='ocrx_word' id='word_1_347' title='bbox 549 1789 620 1832; x_wconf 82' lang='lat' dir='ltr'>Ap.</span> <span class='ocrx_word' id='word_1_348' title='bbox 642 1786 718 1821; x_wconf 85' lang='lat' dir='ltr'>Lat.</span> <span class='ocrx_word' id='word_1_349' title='bbox 740 1785 846 1819; x_wconf 75' lang='lat' dir='ltr'>liberi</span> <span class='ocrx_word' id='word_1_350' title='bbox 868 1783 1080 1830; x_wconf 74' lang='lat' dir='ltr'>limpliciter</span> <span class='ocrx_word' id='word_1_351' title='bbox 1101 1784 1275 1820; x_wconf 81' lang='lat' dir='ltr'>dicuntur</span> <span class='ocrx_word' id='word_1_352' title='bbox 1302 1783 1347 1819; x_wconf 84' lang='lat' dir='ltr'>de</span> <span class='ocrx_word' id='word_1_353' title='bbox 1367 1796 1439 1818; x_wconf 85' lang='lat' dir='ltr'>una</span> <span class='ocrx_word' id='word_1_354' title='bbox 1460 1783 1585 1829; x_wconf 81' lang='lat' dir='ltr'>prole,</span> <span class='ocrx_word' id='word_1_355' title='bbox 1615 1796 1648 1818; x_wconf 80' lang='lat' dir='ltr'>v.</span> 
     </span>
     <span class='ocr_line' id='line_1_33' title="bbox 145 1831 1653 1884; baseline -0.007 -6"><span class='ocrx_word' id='word_1_356' title='bbox 145 1841 299 1879; x_wconf 78' lang='lat' dir='ltr'>Ge11.2,</span> <span class='ocrx_word' id='word_1_357' title='bbox 322 1849 376 1884; x_wconf 69' lang='lat'>13.</span> <span class='ocrx_word' id='word_1_358' title='bbox 437 1836 579 1872; x_wconf 70' lang='lat' dir='ltr'>Liberos</span> <span class='ocrx_word' id='word_1_359' title='bbox 601 1834 755 1873; x_wconf 83' lang='lat' dir='ltr'>habere,</span> <span class='ocrx_word' id='word_1_360' title='bbox 794 1833 858 1879; x_wconf 81' lang='lat' dir='ltr'>qui</span> <span class='ocrx_word' id='word_1_361' title='bbox 888 1845 1001 1868; x_wconf 89' lang='lat' dir='ltr'>unum</span> <span class='ocrx_word' id='word_1_362' title='bbox 1031 1832 1161 1868; x_wconf 83' lang='lat' dir='ltr'>habeat</span> <span class='ocrx_word' id='word_1_363' title='bbox 1182 1831 1320 1873; x_wconf 79' lang='lat' dir='ltr'>filium,</span> <span class='ocrx_word' id='word_1_364' title='bbox 1356 1832 1500 1879; x_wconf 86' lang='lat' dir='ltr'>probari</span> <span class='ocrx_word' id='word_1_365' title='bbox 1529 1831 1653 1879; x_wconf 74' lang='lat' dir='ltr'>potest</span> 
     </span>
     <span class='ocr_line' id='line_1_34' title="bbox 146 1881 1650 1928; baseline -0.006 -2"><span class='ocrx_word' id='word_1_366' title='bbox 146 1889 366 1927; x_wconf 73' lang='lat' dir='ltr'>austeritate</span> <span class='ocrx_word' id='word_1_367' title='bbox 380 1887 557 1922; x_wconf 89' lang='lat' dir='ltr'>ICtorum</span> <span class='ocrx_word' id='word_1_368' title='bbox 578 1884 600 1918; x_wconf 90' lang='lat'>1.</span> <span class='ocrx_word' id='word_1_369' title='bbox 623 1895 700 1918; x_wconf 91' lang='lat' dir='ltr'>non</span> <span class='ocrx_word' id='word_1_370' title='bbox 723 1881 773 1916; x_wconf 81' lang='lat' dir='ltr'>est</span> <span class='ocrx_word' id='word_1_371' title='bbox 790 1881 865 1917; x_wconf 78' lang='lat' dir='ltr'>sine</span> <span class='ocrx_word' id='word_1_372' title='bbox 885 1882 949 1918; x_wconf 73' lang='lat' dir='ltr'>fib.</span> <span class='ocrx_word' id='word_1_373' title='bbox 973 1881 1051 1916; x_wconf 84' lang='lat' dir='ltr'>etl.</span> <span class='ocrx_word' id='word_1_374' title='bbox 1072 1893 1155 1916; x_wconf 88' lang='lat' dir='ltr'>nam</span> <span class='ocrx_word' id='word_1_375' title='bbox 1175 1893 1287 1928; x_wconf 85' lang='lat' dir='ltr'>quem</span> <span class='ocrx_word' id='word_1_376' title='bbox 1307 1882 1352 1917; x_wconf 91' lang='lat' dir='ltr'>de</span> <span class='ocrx_word' id='word_1_377' title='bbox 1370 1883 1412 1917; x_wconf 85' lang='lat' dir='ltr'>V.</span> <span class='ocrx_word' id='word_1_378' title='bbox 1426 1883 1461 1916; x_wconf 82' lang='lat' dir='ltr'>S.</span> <span class='ocrx_word' id='word_1_379' title='bbox 1503 1881 1650 1917; x_wconf 70' lang='lat' dir='ltr'>probari</span> 
     </span>
     <span class='ocr_line' id='line_1_35' title="bbox 145 1928 1650 1984; baseline -0.008 -6"><span class='ocrx_word' id='word_1_380' title='bbox 145 1940 259 1978; x_wconf 83' lang='lat' dir='ltr'>eriam</span> <span class='ocrx_word' id='word_1_381' title='bbox 278 1936 395 1984; x_wconf 81' lang='lat' dir='ltr'>potest</span> <span class='ocrx_word' id='word_1_382' title='bbox 413 1931 630 1969; x_wconf 57' lang='lat' dir='ltr'>austeritate</span> <span class='ocrx_word' id='word_1_383' title='bbox 651 1930 932 1979; x_wconf 82' lang='lat' dir='ltr'>theologorum,</span> <span class='ocrx_word' id='word_1_384' title='bbox 961 1931 1022 1976; x_wconf 80' lang='lat' dir='ltr'>qui</span> <span class='ocrx_word' id='word_1_385' title='bbox 1045 1931 1089 1966; x_wconf 88' lang='lat' dir='ltr'>ad</span> <span class='ocrx_word' id='word_1_386' title='bbox 1107 1928 1268 1967; x_wconf 71' lang='lat' dir='ltr'>Genesin</span> <span class='ocrx_word' id='word_1_387' title='bbox 1290 1930 1509 1971; x_wconf 87' lang='lat' dir='ltr'>observant,</span> <span class='ocrx_word' id='word_1_388' title='bbox 1535 1942 1650 1966; x_wconf 85' lang='lat' dir='ltr'>unam</span> 
     </span>
     <span class='ocr_line' id='line_1_36' title="bbox 145 1978 1660 2036; baseline -0.006 -13"><span class='ocrx_word' id='word_1_389' title='bbox 145 2000 299 2036; x_wconf 82' lang='lat' dir='ltr'>quoque</span> <span class='ocrx_word' id='word_1_390' title='bbox 331 1983 454 2021; x_wconf 80' lang='lat' dir='ltr'>lacobi</span> <span class='ocrx_word' id='word_1_391' title='bbox 484 1982 597 2017; x_wconf 83' lang='lat' dir='ltr'>filiam</span> <span class='ocrx_word' id='word_1_392' title='bbox 623 1982 751 2016; x_wconf 79' lang='lat' dir='ltr'>liberos</span> <span class='ocrx_word' id='word_1_393' title='bbox 778 1980 1006 2026; x_wconf 85' lang='lat' dir='ltr'>nuncupari,</span> <span class='ocrx_word' id='word_1_394' title='bbox 1042 1991 1075 2014; x_wconf 74' lang='lat' dir='ltr'>v.</span> <span class='ocrx_word' id='word_1_395' title='bbox 1098 1979 1248 2026; x_wconf 77' lang='lat' dir='ltr'>August.</span> <span class='ocrx_word' id='word_1_396' title='bbox 1277 1980 1321 2014; x_wconf 88' lang='lat' dir='ltr'>de</span> <span class='ocrx_word' id='word_1_397' title='bbox 1352 1979 1431 2014; x_wconf 86' lang='lat' dir='ltr'>Civ.</span> <span class='ocrx_word' id='word_1_398' title='bbox 1451 1978 1487 2013; x_wconf 84' lang='lat' dir='ltr'>d.</span> <span class='ocrx_word' id='word_1_399' title='bbox 1516 1983 1570 2020; x_wconf 83' lang='lat'>16,</span> <span class='ocrx_word' id='word_1_400' title='bbox 1590 1991 1660 2024; x_wconf 55' lang='lat'>40.&gt;</span> 
     </span>
     <span class='ocr_line' id='line_1_37' title="bbox 145 2027 1651 2076; baseline -0.007 -2"><span class='ocrx_word' id='word_1_401' title='bbox 145 2040 246 2075; x_wconf 83' lang='lat' dir='ltr'>Cler.</span> <span class='ocrx_word' id='word_1_402' title='bbox 271 2035 315 2070; x_wconf 82' lang='lat' dir='ltr'>ad</span> <span class='ocrx_word' id='word_1_403' title='bbox 337 2035 434 2070; x_wconf 81' lang='lat' dir='ltr'>Gen.</span> <span class='ocrx_word' id='word_1_404' title='bbox 454 2045 512 2071; x_wconf 83' lang='lat'>21,</span> <span class='ocrx_word' id='word_1_405' title='bbox 532 2044 566 2074; x_wconf 90' lang='lat'>7.</span> <span class='ocrx_word' id='word_1_406' title='bbox 589 2042 627 2066; x_wconf 92' lang='lat' dir='ltr'>et</span> <span class='ocrx_word' id='word_1_407' title='bbox 647 2035 706 2073; x_wconf 82' lang='lat'>46,</span> <span class='ocrx_word' id='word_1_408' title='bbox 729 2034 762 2065; x_wconf 83' lang='lat'>6.</span> <span class='ocrx_word' id='word_1_409' title='bbox 813 2029 959 2064; x_wconf 75' lang='lat' dir='ltr'>probari</span> <span class='ocrx_word' id='word_1_410' title='bbox 992 2039 1031 2063; x_wconf 88' lang='lat' dir='ltr'>et</span> <span class='ocrx_word' id='word_1_411' title='bbox 1059 2030 1176 2074; x_wconf 78' lang='lat' dir='ltr'>potest</span> <span class='ocrx_word' id='word_1_412' title='bbox 1195 2027 1413 2064; x_wconf 70' lang='lat' dir='ltr'>austoricate</span> <span class='ocrx_word' id='word_1_413' title='bbox 1439 2029 1651 2076; x_wconf 80' lang='lat' dir='ltr'>grammati·-</span> 
     </span>
     <span class='ocr_line' id='line_1_38' title="bbox 145 2076 1653 2130; baseline -0.007 -7"><span class='ocrx_word' id='word_1_414' title='bbox 145 2097 299 2127; x_wconf 85' lang='lat' dir='ltr'>corum,</span> <span class='ocrx_word' id='word_1_415' title='bbox 333 2095 493 2130; x_wconf 84' lang='lat' dir='ltr'>quorum</span> <span class='ocrx_word' id='word_1_416' title='bbox 516 2092 549 2114; x_wconf 74' lang='lat' dir='ltr'>v,</span> <span class='ocrx_word' id='word_1_417' title='bbox 570 2079 715 2115; x_wconf 85' lang='lat' dir='ltr'>decreta</span> <span class='ocrx_word' id='word_1_418' title='bbox 734 2090 791 2123; x_wconf 83' lang='lat' dir='ltr'>ap.</span> <span class='ocrx_word' id='word_1_419' title='bbox 811 2079 911 2113; x_wconf 83' lang='lat' dir='ltr'>Serv.</span> <span class='ocrx_word' id='word_1_420' title='bbox 933 2079 977 2113; x_wconf 85' lang='lat' dir='ltr'>ad</span> <span class='ocrx_word' id='word_1_421' title='bbox 998 2076 1085 2112; x_wconf 88' lang='lat' dir='ltr'>illud</span> <span class='ocrx_word' id='word_1_422' title='bbox 1109 2078 1210 2123; x_wconf 86' lang='lat' dir='ltr'>Virg.</span> <span class='ocrx_word' id='word_1_423' title='bbox 1233 2082 1328 2112; x_wconf 83' lang='lat' dir='ltr'>Aen.</span> <span class='ocrx_word' id='word_1_424' title='bbox 1345 2086 1402 2119; x_wconf 80' lang='grc' dir='ltr'>ιε,</span> <span class='ocrx_word' id='word_1_425' title='bbox 1423 2078 1539 2122; x_wconf 63' lang='grc' dir='ltr'>«ς3ι.)</span> <span class='ocrx_word' id='word_1_426' title='bbox 1559 2089 1653 2122; x_wconf 63' lang='lat' dir='ltr'>(tna-</span> 
     </span>
     <span class='ocr_line' id='line_1_39' title="bbox 144 2118 1650 2183; baseline -0.006 -13"><span class='ocrx_word' id='word_1_427' title='bbox 144 2137 194 2173; x_wconf 65' lang='grc' dir='ltr'>τί(</span> <span class='ocrx_word' id='word_1_428' title='bbox 217 2146 325 2183; x_wconf 89' lang='lat' dir='ltr'>parce</span> <span class='ocrx_word' id='word_1_429' title='bbox 357 2132 440 2168; x_wconf 74' lang='lat' dir='ltr'>tuis.</span> <span class='ocrx_word' id='word_1_430' title='bbox 492 2128 709 2174; x_wconf 79' lang='lat' dir='ltr'>Exemplum</span> <span class='ocrx_word' id='word_1_431' title='bbox 738 2129 782 2162; x_wconf 86' lang='lat' dir='ltr'>ab</span> <span class='ocrx_word' id='word_1_432' title='bbox 808 2125 979 2162; x_wconf 88' lang='lat' dir='ltr'>historico</span> <span class='ocrx_word' id='word_1_433' title='bbox 1008 2135 1116 2160; x_wconf 86' lang='lat' dir='ltr'>notat</span> <span class='ocrx_word' id='word_1_434' title='bbox 1148 2127 1193 2162; x_wconf 88' lang='grc' dir='ltr'>Η.</span> <span class='ocrx_word' id='word_1_435' title='bbox 1225 2124 1373 2172; x_wconf 71' lang='lat' dir='ltr'>Magius</span> <span class='ocrx_word' id='word_1_436' title='bbox 1403 2137 1459 2170; x_wconf 80' lang='lat' dir='ltr'>ap.</span> <span class='ocrx_word' id='word_1_437' title='bbox 1482 2118 1581 2172; x_wconf 57' lang='lat' dir='ltr'>Neri.</span> <span class='ocrx_word' id='word_1_438' title='bbox 1610 2126 1650 2162; x_wconf 87' lang='lat' dir='ltr'>in</span> 
     </span>
     <span class='ocr_line' id='line_1_40' title="bbox 142 2174 1650 2224; baseline -0.009 -2"><span class='ocrx_word' id='word_1_439' title='bbox 142 2186 251 2222; x_wconf 83' lang='lat' dir='ltr'>Eum.</span> <span class='ocrx_word' id='word_1_440' title='bbox 281 2192 335 2224; x_wconf 83' lang='lat'>18,</span> <span class='ocrx_word' id='word_1_441' title='bbox 355 2194 390 2223; x_wconf 85' lang='lat'>2,</span> <span class='ocrx_word' id='word_1_442' title='bbox 411 2194 443 2216; x_wconf 82' lang='lat'>2.</span> <span class='ocrx_word' id='word_1_443' title='bbox 467 2179 517 2215; x_wconf 86' lang='lat' dir='ltr'>N.</span> <span class='ocrx_word' id='word_1_444' title='bbox 532 2192 560 2213; x_wconf 83' lang='lat'>2.</span> <span class='ocrx_word' id='word_1_445' title='bbox 584 2176 631 2211; x_wconf 79' lang='lat' dir='ltr'>cf.</span> <span class='ocrx_word' id='word_1_446' title='bbox 651 2188 690 2211; x_wconf 88' lang='lat' dir='ltr'>et</span> <span class='ocrx_word' id='word_1_447' title='bbox 704 2177 785 2212; x_wconf 88' lang='lat' dir='ltr'>Ind.</span> <span class='ocrx_word' id='word_1_448' title='bbox 808 2175 882 2211; x_wconf 63' lang='lat' dir='ltr'>izos.</span> <span class='ocrx_word' id='word_1_449' title='bbox 907 2188 938 2209; x_wconf 78' lang='lat' dir='ltr'>v.</span> <span class='ocrx_word' id='word_1_450' title='bbox 955 2176 1032 2212; x_wconf 74' lang='grc' dir='ltr'>Ιῐίι.)</span> <span class='ocrx_word' id='word_1_451' title='bbox 1051 2187 1082 2209; x_wconf 89' lang='lat' dir='ltr'>v.</span> <span class='ocrx_word' id='word_1_452' title='bbox 1093 2175 1187 2210; x_wconf 83' lang='lat' dir='ltr'>Phil.</span> <span class='ocrx_word' id='word_1_453' title='bbox 1204 2175 1324 2210; x_wconf 80' lang='lat' dir='ltr'>Caroli</span> <span class='ocrx_word' id='word_1_454' title='bbox 1349 2174 1474 2210; x_wconf 84' lang='lat' dir='ltr'>Anim.</span> <span class='ocrx_word' id='word_1_455' title='bbox 1495 2175 1532 2209; x_wconf 91' lang='lat' dir='ltr'>in</span> <span class='ocrx_word' id='word_1_456' title='bbox 1554 2174 1650 2210; x_wconf 79' lang='lat' dir='ltr'>Geli.</span> 
     </span>
     <span class='ocr_line' id='line_1_41' title="bbox 142 2222 1651 2280; baseline -0.01 -8"><span class='ocrx_word' id='word_1_457' title='bbox 142 2236 205 2274; x_wconf 84' lang='lat' dir='ltr'>l.1.</span> <span class='ocrx_word' id='word_1_458' title='bbox 230 2246 263 2280; x_wconf 84' lang='lat' dir='ltr'>p.</span> <span class='ocrx_word' id='word_1_459' title='bbox 281 2243 360 2277; x_wconf 80' lang='lat'>¹39·</span> <span class='ocrx_word' id='word_1_460' title='bbox 412 2228 473 2264; x_wconf 79' lang='lat' dir='ltr'>Sic</span> <span class='ocrx_word' id='word_1_461' title='bbox 491 2225 573 2264; x_wconf 88' lang='lat' dir='ltr'>Cic.</span> <span class='ocrx_word' id='word_1_462' title='bbox 597 2225 758 2272; x_wconf 83' lang='lat' dir='ltr'>Philipp.</span> <span class='ocrx_word' id='word_1_463' title='bbox 783 2236 859 2265; x_wconf 83' lang='lat'>1,1.</span> <span class='ocrx_word' id='word_1_464' title='bbox 878 2227 941 2269; x_wconf 86' lang='lat' dir='ltr'>(m.</span> <span class='ocrx_word' id='word_1_465' title='bbox 962 2225 1153 2259; x_wconf 77' lang='lat' dir='ltr'>v.Abram.</span> <span class='ocrx_word' id='word_1_466' title='bbox 1173 2223 1219 2258; x_wconf 85' lang='lat' dir='ltr'>ib.</span> <span class='ocrx_word' id='word_1_467' title='bbox 1242 2234 1280 2259; x_wconf 85' lang='lat' dir='ltr'>et</span> <span class='ocrx_word' id='word_1_468' title='bbox 1297 2222 1343 2258; x_wconf 88' lang='lat' dir='ltr'>de</span> <span class='ocrx_word' id='word_1_469' title='bbox 1355 2223 1528 2259; x_wconf 74' lang='lat' dir='ltr'>Prov·.Cs.</span> <span class='ocrx_word' id='word_1_470' title='bbox 1547 2235 1576 2258; x_wconf 87' lang='lat' dir='ltr'>c.</span> <span class='ocrx_word' id='word_1_471' title='bbox 1594 2235 1651 2264; x_wconf 75' lang='lat'>14.</span> 
     </span>
     <span class='ocr_line' id='line_1_42' title="bbox 144 2271 1652 2326; baseline -0.011 -6"><span class='ocrx_word' id='word_1_472' title='bbox 144 2283 227 2320; x_wconf 85' lang='lat' dir='ltr'>fere</span> <span class='ocrx_word' id='word_1_473' title='bbox 247 2284 294 2320; x_wconf 75' lang='lat' dir='ltr'>e.)</span> <span class='ocrx_word' id='word_1_474' title='bbox 315 2292 439 2326; x_wconf 83' lang='lat' dir='ltr'>pacem</span> <span class='ocrx_word' id='word_1_475' title='bbox 463 2277 552 2313; x_wconf 85' lang='lat' dir='ltr'>dicit</span> <span class='ocrx_word' id='word_1_476' title='bbox 574 2288 637 2321; x_wconf 83' lang='lat' dir='ltr'>per</span> <span class='ocrx_word' id='word_1_477' title='bbox 656 2275 784 2309; x_wconf 75' lang='lat' dir='ltr'>liberos</span> <span class='ocrx_word' id='word_1_478' title='bbox 807 2271 967 2308; x_wconf 85' lang='lat' dir='ltr'>Antonii</span> <span class='ocrx_word' id='word_1_479' title='bbox 988 2271 1255 2307; x_wconf 68' lang='lat' dir='ltr'>confirmatam.</span> <span class='ocrx_word' id='word_1_480' title='bbox 1311 2274 1412 2307; x_wconf 86' lang='lat' dir='ltr'>Unus</span> <span class='ocrx_word' id='word_1_481' title='bbox 1431 2283 1555 2307; x_wconf 82' lang='lat' dir='ltr'>tamen</span> <span class='ocrx_word' id='word_1_482' title='bbox 1571 2274 1652 2308; x_wconf 79' lang='lat' dir='ltr'>An-</span> 
     </span>
     <span class='ocr_line' id='line_1_43' title="bbox 144 2320 1657 2376; baseline -0.009 -8"><span class='ocrx_word' id='word_1_483' title='bbox 144 2330 246 2369; x_wconf 84' lang='lat' dir='ltr'>tonii</span> <span class='ocrx_word' id='word_1_484' title='bbox 268 2329 365 2365; x_wconf 79' lang='lat' dir='ltr'>filius</span> <span class='ocrx_word' id='word_1_485' title='bbox 386 2326 629 2376; x_wconf 73' lang='lat' dir='ltr'>significatur,</span> <span class='ocrx_word' id='word_1_486' title='bbox 653 2335 688 2357; x_wconf 87' lang='grc' dir='ltr'>ν.</span> <span class='ocrx_word' id='word_1_487' title='bbox 709 2323 854 2358; x_wconf 69' lang='lat' dir='ltr'>Man-ut.</span> <span class='ocrx_word' id='word_1_488' title='bbox 877 2321 919 2355; x_wconf 84' lang='lat' dir='ltr'>ad</span> <span class='ocrx_word' id='word_1_489' title='bbox 941 2320 974 2355; x_wconf 86' lang='lat' dir='ltr'>h.</span> <span class='ocrx_word' id='word_1_490' title='bbox 995 2321 1018 2355; x_wconf 91' lang='lat' dir='ltr'>l.</span> <span class='ocrx_word' id='word_1_491' title='bbox 1072 2322 1266 2356; x_wconf 75' lang='lat' dir='ltr'>Caeterum</span> <span class='ocrx_word' id='word_1_492' title='bbox 1286 2333 1364 2356; x_wconf 82' lang='lat' dir='ltr'>non</span> <span class='ocrx_word' id='word_1_493' title='bbox 1385 2320 1501 2356; x_wconf 83' lang='lat' dir='ltr'>solum</span> <span class='ocrx_word' id='word_1_494' title='bbox 1521 2321 1657 2368; x_wconf 64' lang='lat' dir='ltr'>Nepo-</span> 
     </span>
     <span class='ocr_line' id='line_1_44' title="bbox 143 2368 1648 2418; baseline -0.009 0"><span class='ocrx_word' id='word_1_495' title='bbox 143 2381 245 2418; x_wconf 86' lang='lat' dir='ltr'>tismi</span> <span class='ocrx_word' id='word_1_496' title='bbox 264 2391 366 2415; x_wconf 89' lang='lat' dir='ltr'>reum</span> <span class='ocrx_word' id='word_1_497' title='bbox 387 2377 422 2412; x_wconf 81' lang='lat' dir='ltr'>se</span> <span class='ocrx_word' id='word_1_498' title='bbox 444 2374 535 2411; x_wconf 84' lang='lat' dir='ltr'>fecit</span> <span class='ocrx_word' id='word_1_499' title='bbox 560 2372 781 2413; x_wconf 57' lang='lat' dir='ltr'>Ferentium,</span> <span class='ocrx_word' id='word_1_500' title='bbox 807 2380 848 2405; x_wconf 88' lang='lat' dir='ltr'>ut</span> <span class='ocrx_word' id='word_1_501' title='bbox 859 2370 896 2404; x_wconf 87' lang='lat' dir='ltr'>h.</span> <span class='ocrx_word' id='word_1_502' title='bbox 911 2371 936 2405; x_wconf 89' lang='lat' dir='ltr'>l.</span> <span class='ocrx_word' id='word_1_503' title='bbox 958 2369 1106 2404; x_wconf 77' lang='lat' dir='ltr'>testatur</span> <span class='ocrx_word' id='word_1_504' title='bbox 1126 2368 1305 2411; x_wconf 61' lang='lat' dir='ltr'>Herodi„</span> <span class='ocrx_word' id='word_1_505' title='bbox 1338 2369 1400 2406; x_wconf 88' lang='lat' dir='ltr'>sed</span> <span class='ocrx_word' id='word_1_506' title='bbox 1412 2371 1459 2405; x_wconf 87' lang='lat' dir='ltr'>‘et</span> <span class='ocrx_word' id='word_1_507' title='bbox 1477 2381 1556 2410; x_wconf 86' lang='lat' dir='ltr'>res,</span> <span class='ocrx_word' id='word_1_508' title='bbox 1584 2381 1648 2416; x_wconf 85' lang='lat' dir='ltr'>per</span> 
     </span>
     <span class='ocr_line' id='line_1_45' title="bbox 144 2416 1648 2472; baseline -0.009 -6"><span class='ocrx_word' id='word_1_509' title='bbox 144 2430 236 2466; x_wconf 80' lang='lat' dir='ltr'>alios</span> <span class='ocrx_word' id='word_1_510' title='bbox 255 2428 365 2464; x_wconf 74' lang='lat' dir='ltr'>duces</span> <span class='ocrx_word' id='word_1_511' title='bbox 385 2427 479 2462; x_wconf 86' lang='lat' dir='ltr'>bene</span> <span class='ocrx_word' id='word_1_512' title='bbox 499 2424 610 2472; x_wconf 79' lang='lat' dir='ltr'>gestas</span> <span class='ocrx_word' id='word_1_513' title='bbox 624 2446 633 2462; x_wconf 90' lang='lat'>‚</span> <span class='ocrx_word' id='word_1_514' title='bbox 664 2419 748 2456; x_wconf 69' lang='lat' dir='ltr'>filiis</span> <span class='ocrx_word' id='word_1_515' title='bbox 770 2419 841 2456; x_wconf 73' lang='lat' dir='ltr'>suis</span> <span class='ocrx_word' id='word_1_516' title='bbox 860 2418 1001 2459; x_wconf 80' lang='lat' dir='ltr'>tribuit,</span> <span class='ocrx_word' id='word_1_517' title='bbox 1034 2419 1072 2453; x_wconf 81' lang='lat' dir='ltr'>in</span> <span class='ocrx_word' id='word_1_518' title='bbox 1089 2416 1186 2454; x_wconf 82' lang='lat' dir='ltr'>filios</span> <span class='ocrx_word' id='word_1_519' title='bbox 1206 2418 1290 2454; x_wconf 87' lang='lat' dir='ltr'>suos</span> <span class='ocrx_word' id='word_1_520' title='bbox 1311 2418 1452 2459; x_wconf 73' lang='lat' dir='ltr'>retulit,</span> <span class='ocrx_word' id='word_1_521' title='bbox 1481 2430 1523 2454; x_wconf 88' lang='lat' dir='ltr'>ut</span> <span class='ocrx_word' id='word_1_522' title='bbox 1537 2418 1648 2454; x_wconf 80' lang='lat' dir='ltr'>habet</span> 
     </span>
     <span class='ocr_line' id='line_1_46' title="bbox 142 2471 775 2525; baseline -0.021 -9"><span class='ocrx_word' id='word_1_523' title='bbox 142 2481 286 2525; x_wconf 83' lang='lat' dir='ltr'>Lampr.</span> <span class='ocrx_word' id='word_1_524' title='bbox 318 2477 356 2511; x_wconf 90' lang='lat' dir='ltr'>in</span> <span class='ocrx_word' id='word_1_525' title='bbox 376 2479 522 2511; x_wconf 83' lang='lat' dir='ltr'>Comm.</span> <span class='ocrx_word' id='word_1_526' title='bbox 549 2486 580 2507; x_wconf 86' lang='lat' dir='ltr'>c.</span> <span class='ocrx_word' id='word_1_527' title='bbox 600 2476 633 2507; x_wconf 84' lang='lat'>6.</span> <span class='ocrx_word' id='word_1_528' title='bbox 660 2471 775 2506; x_wconf 79' lang='lat' dir='ltr'>Leisn.</span> 
     </span>
    </p>

    <p class='ocr_par' dir='ltr' id='par_1_6' title="bbox 136 2515 1650 2772">
     <span class='ocr_line' id='line_1_47' title="bbox 243 2515 1649 2572; baseline -0.008 -12"><span class='ocrx_word' id='word_1_529' title='bbox 243 2529 382 2572; x_wconf 70' lang='lat' dir='ltr'>Lampr.</span> <span class='ocrx_word' id='word_1_530' title='bbox 415 2525 520 2561; x_wconf 83' lang='lat' dir='ltr'>locus</span> <span class='ocrx_word' id='word_1_531' title='bbox 543 2534 576 2566; x_wconf 76' lang='lat' dir='ltr'>p.</span> <span class='ocrx_word' id='word_1_532' title='bbox 591 2531 674 2565; x_wconf 72' lang='lat'>490.</span> <span class='ocrx_word' id='word_1_533' title='bbox 690 2531 736 2554; x_wconf 85' lang='lat' dir='ltr'>m.</span> <span class='ocrx_word' id='word_1_534' title='bbox 755 2517 802 2553; x_wconf 80' lang='lat' dir='ltr'>fic</span> <span class='ocrx_word' id='word_1_535' title='bbox 822 2516 955 2556; x_wconf 84' lang='lat' dir='ltr'>habet,</span> <span class='ocrx_word' id='word_1_536' title='bbox 991 2528 1027 2551; x_wconf 85' lang='lat' dir='ltr'>eo</span> <span class='ocrx_word' id='word_1_537' title='bbox 1049 2527 1214 2562; x_wconf 84' lang='lat' dir='ltr'>tempore</span> <span class='ocrx_word' id='word_1_538' title='bbox 1232 2516 1269 2551; x_wconf 83' lang='lat' dir='ltr'>in</span> <span class='ocrx_word' id='word_1_539' title='bbox 1291 2516 1466 2551; x_wconf 62' lang='lat' dir='ltr'>Sarmatia</span> <span class='ocrx_word' id='word_1_540' title='bbox 1489 2527 1546 2550; x_wconf 80' lang='lat' dir='ltr'>res</span> <span class='ocrx_word' id='word_1_541' title='bbox 1566 2515 1649 2549; x_wconf 77' lang='lat' dir='ltr'>bene</span> 
     </span>
     <span class='ocr_line' id='line_1_48' title="bbox 136 2563 1649 2635; baseline -0.007 -26"><span class='ocrx_word' id='word_1_542' title='bbox 136 2581 257 2635; x_wconf 63' lang='lat' dir='ltr'>gestas</span> <span class='ocrx_word' id='word_1_543' title='bbox 289 2588 353 2627; x_wconf 77' lang='lat' dir='ltr'>per</span> <span class='ocrx_word' id='word_1_544' title='bbox 378 2575 466 2610; x_wconf 80' lang='lat' dir='ltr'>alios</span> <span class='ocrx_word' id='word_1_545' title='bbox 491 2573 602 2607; x_wconf 83' lang='lat' dir='ltr'>duces</span> <span class='ocrx_word' id='word_1_546' title='bbox 628 2569 668 2603; x_wconf 78' lang='lat' dir='ltr'>in</span> <span class='ocrx_word' id='word_1_547' title='bbox 697 2566 814 2602; x_wconf 84' lang='lat' dir='ltr'>filium</span> <span class='ocrx_word' id='word_1_548' title='bbox 833 2565 934 2613; x_wconf 60' lang='lat' dir='ltr'>filum</span> <span class='ocrx_word' id='word_1_549' title='bbox 955 2565 1131 2600; x_wconf 82' lang='lat' dir='ltr'>Perennis</span> <span class='ocrx_word' id='word_1_550' title='bbox 1151 2564 1355 2610; x_wconf 58' lang='lat' dir='ltr'>referebam</span> <span class='ocrx_word' id='word_1_551' title='bbox 1396 2565 1457 2600; x_wconf 86' lang='lat' dir='ltr'>ubi</span> <span class='ocrx_word' id='word_1_552' title='bbox 1479 2563 1576 2600; x_wconf 88' lang='lat' dir='ltr'>nulla</span> <span class='ocrx_word' id='word_1_553' title='bbox 1598 2563 1649 2599; x_wconf 78' lang='lat' dir='ltr'>cst</span> 
     </span>
     <span class='ocr_line' id='line_1_49' title="bbox 142 2610 1648 2670; baseline -0.009 -11"><span class='ocrx_word' id='word_1_554' title='bbox 142 2637 227 2670; x_wconf 63' lang='lat' dir='ltr'>var,</span> <span class='ocrx_word' id='word_1_555' title='bbox 250 2632 288 2666; x_wconf 78' lang='lat' dir='ltr'>L,</span> <span class='ocrx_word' id='word_1_556' title='bbox 310 2637 348 2662; x_wconf 80' lang='lat' dir='ltr'>et</span> <span class='ocrx_word' id='word_1_557' title='bbox 366 2623 443 2660; x_wconf 74' lang='lat' dir='ltr'>Cas.</span> <span class='ocrx_word' id='word_1_558' title='bbox 468 2620 514 2656; x_wconf 84' lang='lat' dir='ltr'>N.</span> <span class='ocrx_word' id='word_1_559' title='bbox 537 2618 650 2654; x_wconf 73' lang='lat' dir='ltr'>modo</span> <span class='ocrx_word' id='word_1_560' title='bbox 672 2617 761 2652; x_wconf 74' lang='lat' dir='ltr'>haec</span> <span class='ocrx_word' id='word_1_561' title='bbox 789 2625 979 2661; x_wconf 84' lang='lat' dir='ltr'>„praeerat</span> <span class='ocrx_word' id='word_1_562' title='bbox 1009 2625 1087 2649; x_wconf 87' lang='lat' dir='ltr'>tum</span> <span class='ocrx_word' id='word_1_563' title='bbox 1115 2613 1272 2660; x_wconf 80' lang='lat' dir='ltr'>Illyricis</span> <span class='ocrx_word' id='word_1_564' title='bbox 1306 2611 1526 2648; x_wconf 80' lang='lat' dir='ltr'>exercitibus</span> <span class='ocrx_word' id='word_1_565' title='bbox 1549 2610 1648 2646; x_wconf 68' lang='lat' dir='ltr'>fliius</span> 
     </span>
     <span class='ocr_line' id='line_1_50' title="bbox 140 2660 1650 2720; baseline -0.015 -1"><span class='ocrx_word' id='word_1_566' title='bbox 140 2677 333 2720; x_wconf 77' lang='lat' dir='ltr'>Perennis.</span> <span class='ocrx_word' id='word_1_567' title='bbox 380 2673 478 2719; x_wconf 76' lang='lat' dir='ltr'>Lege</span> <span class='ocrx_word' id='word_1_568' title='bbox 497 2668 778 2704; x_wconf 60' lang='lat' dir='ltr'>Herodianurrw‘</span> <span class='ocrx_word' id='word_1_569' title='bbox 805 2674 929 2710; x_wconf 87' lang='lat' dir='ltr'>neque</span> <span class='ocrx_word' id='word_1_570' title='bbox 948 2663 1105 2710; x_wconf 80' lang='lat' dir='ltr'>amplius</span> <span class='ocrx_word' id='word_1_571' title='bbox 1122 2662 1174 2697; x_wconf 85' lang='lat' dir='ltr'>ibi</span> <span class='ocrx_word' id='word_1_572' title='bbox 1192 2662 1336 2698; x_wconf 83' lang='lat' dir='ltr'>mentio</span> <span class='ocrx_word' id='word_1_573' title='bbox 1358 2660 1521 2696; x_wconf 84' lang='lat' dir='ltr'>iniicitur</span> <span class='ocrx_word' id='word_1_574' title='bbox 1539 2661 1650 2696; x_wconf 72' lang='lat' dir='ltr'>fami-</span> 
     </span>
     <span class='ocr_line' id='line_1_51' title="bbox 142 2710 1646 2772; baseline -0.005 -18"><span class='ocrx_word' id='word_1_575' title='bbox 142 2732 216 2772; x_wconf 56' lang='lat' dir='ltr'>li„</span> <span class='ocrx_word' id='word_1_576' title='bbox 236 2722 433 2767; x_wconf 61' lang='lat' dir='ltr'>perennis,</span> <span class='ocrx_word' id='word_1_577' title='bbox 461 2717 528 2757; x_wconf 72' lang='lat' dir='ltr'>nist</span> <span class='ocrx_word' id='word_1_578' title='bbox 545 2717 668 2766; x_wconf 83' lang='lat' dir='ltr'>paucis</span> <span class='ocrx_word' id='word_1_579' title='bbox 690 2712 902 2753; x_wconf 70' lang='lat' dir='ltr'>inrerieffis,</span> <span class='ocrx_word' id='word_1_580' title='bbox 920 2712 995 2761; x_wconf 68' lang='lat' dir='ltr'>pqll</span> <span class='ocrx_word' id='word_1_581' title='bbox 1017 2711 1246 2758; x_wconf 67' lang='lat' dir='ltr'>interfet‘i&#39;um</span> <span class='ocrx_word' id='word_1_582' title='bbox 1263 2713 1470 2749; x_wconf 81' lang='lat' dir='ltr'>Perennem</span> <span class='ocrx_word' id='word_1_583' title='bbox 1485 2710 1558 2746; x_wconf 73' lang='lat' dir='ltr'>elus</span> <span class='ocrx_word' id='word_1_584' title='bbox 1572 2721 1646 2756; x_wconf 80' lang='lat' dir='ltr'>que</span> 
     </span>
    </p>
   </div>
  </div>
 </body>
</html>
