1772 3158
114 120 218 169 360
528 116 827 163 EXCVRSVS
864 119 948 162 AD
986 118 1133 163 LIBR.
1169 118 1204 164 Ι.

111 231 256 268 affinem
268 252 280 269 ,
308 237 482 275 tanquam
502 239 575 264 aor.
591 239 620 264 1.
645 223 952 273 ἔγκατελιῖφθησαν
968 238 1007 264 et
1020 232 1263 273 ἐγκατελειφέ.
1280 228 1343 264 rel.
1356 253 1366 270 ‚
1393 241 1429 264 v.
1446 227 1555 265 weff.
1569 227 1615 264 ad

113 278 226 316 Diod.
253 279 287 313 S.
314 290 346 319 2,
365 288 419 321 55.
441 278 556 322 N.92.
585 277 720 311 D'Orv.
742 278 812 312 Ch.
835 277 999 323 p.563.i.
1035 277 1123 315 Abr.
1144 275 1220 313 Dii.
1240 278 1317 314 Th.=
1332 289 1367 324 p.
1382 281 1509 318 686.e.
1529 290 1614 314 cum

111 329 171 367 Rs.
191 329 257 364 Or.
280 327 320 361 V.
350 337 378 371 3.
403 339 435 372 p.
449 335 527 371 483.
545 337 575 359 e.

207 378 401 411 Caeterum
415 399 424 415 ‚
458 385 567 419 tropo
586 372 734 408 ademto
747 399 757 415 ,
786 372 846 408 hic
865 372 1015 419 quidem
1037 373 1082 410 de
1100 384 1270 415 mortuo,
1296 387 1377 410 cum
1397 374 1614 411 defiderium

114 425 168 463 {ui
187 424 341 470 reliquit
364 424 443 459 suae
468 423 596 458 aetatis
618 421 852 460 horninibus,
878 421 1025 458 dicetur
1044 434 1210 458 mortuus
1232 422 1300 459 effe
1320 423 1378 464 fic,
1406 434 1448 458 ut
1467 423 1504 458 id
1524 423 1612 458 defi-

113 473 257 510 derium
276 473 314 507 in
336 472 528 508 hominum
555 470 687 505 animis
715 481 945 509 remaneret,
977 480 1020 505 ut
1036 484 1093 518 ap.
1107 472 1198 507 Luc.
1219 472 1240 506 l.
1256 473 1280 509 Ι.
1297 476 1339 514 ὡς
1360 472 1493 514 άληθῶς
1507 472 1613 516 ἔφη.

112 529 229 560 τέλιπέ
249 537 280 556 τι
299 528 431 567 κέντρον
450 525 519 560 τοῖς
532 517 706 559 οἷκοόσυσι,
730 532 857 554 revera
867 520 1037 555 aculeum
1056 522 1224 567 quendam
1246 519 1283 555 in
1303 522 1501 556 auditorum
1516 533 1614 555 men.

114 583 154 608 te
178 571 345 619 reliquit,
380 572 444 605 (js.
475 568 598 603 reddit
628 568 674 603 de
694 569 769 603 Lat.
788 569 955 608 ratione,
989 567 1050 603 ubi
1076 569 1200 615 potius
1225 570 1276 604 dr.
1299 582 1384 605 cum
1411 569 1515 606 subst.
1547 570 1615 610 tei,

113 631 224 668 quam
249 619 339 666 pers.
354 643 364 660 ,
405 618 452 651 cf.
474 617 552 652 Cic.
575 617 614 651 in
636 619 735 653 Brut.
756 629 787 652 e.
810 630 842 660 9.
865 630 896 652 e.
916 616 940 651 s.
958 625 1013 661 38.
1041 616 1085 651 de
1105 618 1236 654 eodem
1260 619 1424 659 Pericle,
1457 631 1529 652 cum
1552 618 1615 653 de-

114 669 312 706 lestatione
331 668 465 702 aculeos
483 665 593 701 etiam
614 667 827 712 relinqueret
849 665 885 701 in
907 666 1036 700 animis
1056 679 1182 701 eorum
1195 693 1205 708 ‚
1239 681 1261 702 a
1280 669 1402 714 quibus
1423 667 1500 715 fft
1516 666 1617 702 audi..

113 728 194 759 rus,
234 718 274 753 it.
291 716 337 751 de
356 718 459 750 Orat.
485 724 517 757 3.
539 724 594 759 34.
613 714 637 750 s.
655 724 731 759 138.
753 727 800 749 m.
830 724 871 749 ut
896 714 936 750 in
967 726 1083 749 eorum
1109 715 1316 756 inentibus,
1353 717 1416 763 qui
1432 715 1616 763 au‘dffle'nt,

111 764 210 814 quafi
222 767 356 801 aculeos
367 763 545 810 quosdam
559 763 784 810 relinqueret,
798 763 832 798 h.
846 775 877 797 e.
889 763 1059 798 oratione
1072 764 1192 799 habita
1206 762 1382 808 finitaque
1395 765 1484 801 abiit
1497 777 1516 800 e
1529 777 1616 800 con-

114 815 225 852 tione
235 813 304 855 fic,
337 813 426 850 utin
439 810 671 848 audientium
683 811 859 848 memoria
870 822 910 848 et
929 811 1076 857 pestore
1094 809 1613 863 remanerentgraviterdifta.

807 873 836 902 ι,
857 874 893 905 4,
914 873 970 897 21.

180 931 220 942 -
238 917 360 951 πάντες
380 911 408 946 δ’
425 907 539 955 ὥσπερ
561 909 598 945 ἔκ
614 912 691 953 μιῖἑς
711 918 840 954 φωνῆς,
875 916 904 945 οἱ
923 916 980 952 μὲν
999 916 1133 955 πατέρα
1153 909 1280 956 χρῇς-δν
1297 928 1336 938 ·-
1355 910 1544 948 ἐνεκάλουν·

233 963 276 997 ln
299 971 410 1006 marg.
431 961 503 997 Ox,
522 958 676 1006 fignarat
686 958 810 994 Leisn.
838 959 905 998 »ἐκ
924 971 991 1004 pro
1007 960 1167 994 ablativo
1189 959 1311 994 causae
1324 971 1361 994 et
1380 958 1617 1005 pleonastice,

113 1010 259 1050 Aeiian.
281 1019 314 1055 3,
336 1015 403 1052 9.“
429 1009 490 1044 ubi
511 1008 586 1048 nil,
618 1006 683 1043 nifi
703 1008 793 1043 haec
811 1009 853 1042 V.
868 1007 902 1042 h.
923 1019 955 1052 ρ.
972 1019 1050 1053 2¹4·
1076 1005 1141 1046 ἅτε
1158 1009 1197 1045 ἐκ
1215 1011 1295 1044 θεοῦ
1321 1004 1477 1052 κατ-ὅκως
1499 1009 1616 1046 ἐνθου-

113 1068 236 1099 σιῶντα
250 1084 260 1101 ,
287 1073 319 1105 ρ.
336 1058 385 1104 sq.
406 1057 442 1103 ἕξ
457 1053 624 1101 ’Άρεος-
644 1063 809 1099 μανέντα,
836 1067 874 1092 et
891 1056 928 1102 ἐξ
948 1054 1019 1098 ἕνδς
1037 1064 1300 1103 περιειλημμένυι
1318 1059 1485 1101 δαίμονος,
1516 1056 1556 1092 it.
1575 1068 1614 1102 p.

115 1112 198 1146 216.
222 1106 262 1145 τδ
284 1109 322 1154 ἐξ
337 1104 460 1152 ’Ἄρεως
480 1124 512 1132 —-
533 1113 669 1150 φονῶντι
683 1129 693 1145 .
717 1117 873 1151 quorum
894 1106 968 1141 duo
990 1107 1069 1141 lud.
1090 1105 1194 1142 affert
1215 1107 1278 1142 l‘ub
1306 1106 1372 1144 »ἐκ
1393 1106 1530 1141 causam
1549 1117 1617 1140 no-

114 1164 248 1196 tante“
283 1168 377 1204 quae
401 1167 523 1190 tamen
547 1167 625 1190 non
656 1154 724 1189 lint
748 1152 854 1190 huius
885 1153 979 1194 loci,
1018 1167 1060 1191 ut
1078 1156 1232 1191 alterum
1261 1154 1308 1189 de
1329 1154 1368 1191 ἐκ
1392 1153 1616 1201 pleonastico

115 1207 230 1244 modo
250 1204 295 1242 fic
317 1204 568 1249 intelligetur,
596 1214 638 1239 ut
658 1213 735 1238 tota
758 1202 915 1239 formula
935 1203 973 1240 ἐκ
991 1220 1026 1247 μ.
1048 1214 1086 1250 φ,
1104 1203 1147 1240 sit
1165 1205 1239 1252 syn>
1262 1204 1312 1239 illi
1336 1214 1399 1250 per
1417 1203 1489 1239 dat.
1510 1202 1614 1238 [abl.

114 1259 176 1304 μιᾷ
196 1258 307 1302 φωνῇ’,
335 1265 404 1299 qua
425 1254 468 1287 de
492 1253 608 1292 infra,
641 1252 740 1290 unde
760 1254 820 1287 Sb.
840 1253 920 1288 Ind-
945 1265 975 1286 v.
997 1253 1036 1289 ἐκ
1056 1253 1213 1288 nostram
1231 1266 1301 1288 una
1321 1265 1401 1289 voce
1417 1264 1501 1288 cum
1521 1253 1558 1288 P.
1579 1260 1618 1287 et

118 1307 179 1354 Bg.
207 1302 384 1342 verterim
424 1301 644 1348 respiciente
666 1301 824 1337 omnino
847 1299 968 1336 Leisn.
997 1302 1042 1336 ad
1066 1303 1131 1337 Rz.
1151 1302 1196 1337 ad
1214 1303 1301 1338 Luc.
1325 1313 1355 1342 ι,
1376 1311 1458 1347 737.
1480 1301 1527 1337 N.
1544 1312 1618 1341 ιι..

114 1354 182 1393 uhi
203 1364 242 1390 et
262 1350 383 1389 Nostri
403 1350 508 1386 locus
529 1350 724 1385 adhibetur
742 1361 828 1384 cum
848 1350 924 1385 Ael.
947 1350 1093 1385 ultimo.

158 1407 198 1426 Ῥ
213 1403 272 1438 De
292 1412 369 1436 mea
392 1399 574 1435 sententia
592 1411 649 1434 res
668 1397 713 1434 fic
731 1398 863 1438 habet,
898 1409 940 1434 ut
959 1398 997 1434 in
1021 1397 1101 1435 aliis
1129 1411 1277 1445 praepp.
1304 1410 1389 1434 cum
1418 1395 1524 1433 subst.
1552 1395 1616 1432 ali.

117 1464 214 1500 quo,
238 1461 282 1486 ut
302 1450 340 1486 in
364 1454 429 1488 εἰς,
457 1461 491 1482 v.
516 1460 545 1489 i,
563 1461 597 1491 4,
626 1458 681 1490 17.
696 1460 724 1482 e.
741 1471 751 1487 ,
776 1447 815 1481 in
834 1447 888 1487 ἐν,
916 1460 950 1481 ν.
976 1460 1004 1488 ι,
1024 1459 1173 1492 4,12.e.
1195 1448 1288 1484 etin
1310 1446 1382 1493 ipsa
1400 1449 1438 1484 ἐκ
1450 1446 1567 1481 nostra
1582 1457 1616 1486 ι,

117 1516 154 1549 4,
182 1514 229 1536 ιε.
254 1499 264 1534 i
292 1523 303 1540 ,
328 1509 436 1546 quam
459 1497 532 1531 h-l.
550 1508 628 1530 non
650 1496 755 1541 capio
772 1496 812 1531 in
834 1494 991 1532 notione
1007 1497 1150 1537 cauiae,
1187 1497 1247 1533 sed
1272 1497 1395 1536 modi,
1431 1507 1500 1530 nec
1523 1505 1616 1540 puto

116 1547 344 1588 redundare,
378 1546 439 1581 sed
462 1544 609 1591 proprie
626 1546 745 1580 valere
765 1557 822 1585 ex,
849 1544 984 1580 deinde
1002 1557 1075 1579 cum
1097 1545 1119 1579 s.
1136 1554 1222 1592 per,
1248 1557 1286 1583 et
1304 1546 1326 1578 i.
1340 1556 1374 1591 q.
1395 1544 1459 1579 Gr.
1481 1547 1544 1578 διὰ,
1572 1551 1617 1577 ut

116 1599 155 1640 ἐκ
180 1610 266 1634 curn
288 1594 414 1634 subst.‚
450 1592 490 1629 it.
515 1606 596 1628 cum
623 1592 717 1632 adi.,
750 1591 873 1637 seyere
906 1593 1032 1628 reddas
1061 1604 1125 1638 per
1153 1593 1265 1630 talem
1296 1602 1418 1639 praep.
1438 1589 1618 1638 aliquam

116 1648 182 1696 qui
209 1642 378 1683 vertendi
413 1641 544 1678 modus
572 1643 609 1676 in
639 1641 758 1676 nostra
777 1640 938 1677 solennis
956 1641 1003 1675 est
1024 1641 1170 1688 lingua,
1207 1654 1225 1675 a
1249 1643 1362 1677 Vern.
1386 1641 1447 1676 hic
1467 1650 1618 1686 quoque

115 1699 299 1736 servatus,
334 1702 482 1727 recente
510 1704 575 1726 aus
602 1691 723 1726 einem
744 1691 898 1730 Maride,
933 1689 1142 1736 assequente
1172 1691 1282 1726 etiam
1308 1687 1620 1736 praepositionem

118 1747 212 1787 Gr.‚
249 1742 359 1779 nobis
391 1740 568 1786 reliquam
598 1750 751 1785 quoque
778 1739 816 1774 in
849 1739 936 1779 illo,
969 1752 1032 1774 aus
1053 1739 1190 1776 vollem
1208 1740 1318 1776 Haise
1333 1738 1520 1786 schreyen,
1555 1735 1620 1792 uui

117 1791 339 1845 praepoiitio
360 1803 438 1825 non
460 1790 509 1824 est
531 1789 567 1823 in
590 1789 749 1824 notione
772 1786 910 1827 causae,
936 1787 996 1822 sed
1014 1787 1134 1829 modi;
1160 1800 1367 1835 quanquam
1381 1787 1428 1823 fic
1447 1786 1621 1833 exprimi·
1640 1809 1645 1816 ,

117 1856 180 1882 tur
200 1841 297 1878 aliud
316 1840 380 1876 Gr.
405 1840 442 1884 ἐξ
462 1837 533 1879 ἑνὸς
552 1836 720 1881 edicam,
745 1849 821 1885 quo
843 1837 889 1872 de
906 1837 1006 1885 post,
1040 1835 1148 1884 quam
1171 1837 1332 1874 nostrum
1351 1837 1391 1875 ἐκ
1409 1853 1445 1882 μ.
1463 1846 1500 1881 φ.
1513 1861 1524 1877 ,
1550 1848 1621 1870 no-

117 1892 175 1933 bis
193 1892 259 1927 mit
278 1890 379 1924 einer
399 1888 552 1923 Stimme.

219 1942 329 1976 Porro
348 1939 438 1972 tales
460 1935 606 1971 dicendi
629 1933 773 1973 formae
794 1947 860 1981 per
880 1947 933 1982 pr.
955 1935 991 1973 ἐκ
1012 1947 1097 1972 cum
1116 1934 1221 1971 subst.
1243 1944 1305 1969 aut
1319 1933 1389 1972 adi.
1413 1933 1558 1981 poss‘unt
1575 1932 1620 1970 ad

119 1990 267 2030 sensum
284 1998 322 2024 et
344 1999 386 2023 ex
404 1985 469 2021 usu
490 1985 568 2020 Lat.
591 1983 766 2019 sermonis
785 1984 957 2031 explicari
982 1985 1160 2031 reddique
1180 1982 1256 2019 solo
1275 1983 1346 2020 abl.
1359 2006 1371 2025 ‚
1406 1981 1454 2018 cf.
1470 1994 1546 2026 1,4,
1563 1993 1618 2017 12.

119 2042 144 2079 i.
167 2051 205 2076 et
225 2051 276 2077 e.,
310 2049 419 2082 quam
437 2033 620 2070 rationem
641 2032 754 2079 vulgo
773 2033 1065 2079 ειῃρίεξὶιιῃτυτ,
1093 2045 1126 2068 v.
1148 2034 1226 2080 Stp.
1246 2033 1315 2067 Th.
1341 2043 1370 2072 ι,
1387 2037 1487 2067 ιιὸι.
1511 2032 1548 2066 Ε.
1568 2043 1620 2066 m.

119 2090 222 2137 {qq.,
248 2085 312 2122 ubi
325 2095 362 2120 et
388 2082 469 2124 „est
488 2083 526 2119 ἐκ
547 2095 610 2128 pro
622 2086 702 2119 διὲι(ι
733 2083 772 2117 L.
787 2083 868 2118 Ern.
897 2081 966 2122 »ἐκ
988 2080 1188 2119 inservit—
1206 2079 1398 2128 periphrafi
1411 2081 1511 2116 abl.“
1536 2080 1620 2128 Vig.

119 2147 249 2190 p.582.
263 2148 332 2176 m.‚
360 2134 461 2169 unde
480 2130 603 2167 Nostri
622 2131 660 2167 ἐκ
680 2146 714 2175 μ.
735 2142 772 2174 φ.
799 2142 862 2176 per
881 2131 1022 2167 nudum
1045 2132 1111 2166 abt.
1135 2131 1308 2168 reddatur
1328 2141 1411 2166 cum
1423 2129 1482 2165 Sb.
1506 2127 1621 2175 supra.

119 2184 218 2235 quasi
241 2185 276 2219 in
301 2185 365 2219 Gr.
388 2181 430 2218 fit
450 2183 511 2229 μιᾷ
531 2182 641 2226 φωνῇ,
679 2192 763 2216 cum
783 2181 860 2216 Lat.
879 2193 957 2215 non
982 2180 1109 2217 dicant
1138 2193 1203 2226 per
1224 2191 1346 2225 praep.
1374 2189 1414 2214 et
1431 2178 1525 2218 ab1.‚
1557 2176 1620 2212 sed

120 2238 201 2274 solo
222 2234 293 2270 abl.
313 2245 382 2267 una
400 2243 500 2269 voce,
531 2242 608 2264 uno
631 2241 711 2270 ore,
743 2229 789 2265 cf.
809 2229 851 2265 G.
873 2229 945 2264 Th.
967 2242 1002 2263 v.
1026 2239 1095 2264 utr.
1117 2239 1157 2264 et
1179 2228 1315 2264 Westh.
1337 2226 1381 2262 ad
1397 2228 1485 2262 Ter.
1503 2227 1621 2264 Andr.

77 2278 81 2283 ’
123 2297 158 2326 1,
183 2297 212 2326 ι,
234 2287 317 2324 69..
351 2280 412 2326 qui
436 2280 477 2314 ad
500 2290 564 2312 uno
583 2290 642 2313 ore
659 2277 808 2314 confert
834 2279 924 2325 »μιᾷ
942 2279 1032 2323 ‹pm-‘fi‘
1052 2278 1107 2319 aa)
1124 2277 1164 2323 ἐξ
1184 2277 1254 2318 ἑνδς
1275 2273 1462 2320 edwi-opt

219 2329 394 2376 Denique
415 2327 571 2364 eandem
592 2339 642 2372 pr.
663 2325 700 2365 ἐκ
721 2338 806 2364 cum
835 2326 938 2364 subit.
959 2338 1022 2362 aut
1041 2327 1112 2362 adi.
1136 2326 1266 2362 licebit
1293 2324 1402 2362 etiam
1430 2323 1546 2360 libere
1574 2322 1621 2361 ad

121 2380 339 2422 sensumque
358 2375 586 2423 interpretari
611 2388 674 2420 per
693 2374 771 2410 adv.
785 2400 795 2416 ‚
823 2375 869 2412 cf.
897 2388 926 2416 ι.
945 2389 981 2419 4,
1007 2387 1060 2411 12.
1081 2374 1100 2411 i.
1115 2401 1126 2416 ,
1158 2385 1197 2410 et
1215 2374 1305 2411 adeo
1329 2373 1448 2410 Nostri
1468 2372 1504 2410 ἔκ
1520 2389 1557 2418 μ.
1578 2381 1619 2417 φ.

123 2444 189 2481 per
207 2428 415 2478 einstimmig
428 2451 438 2466 ‚
471 2437 514 2462 ut
536 2424 680 2465 Latini,
713 2436 779 2471 pro
799 2436 870 2461 una
890 2435 1014 2467 mente,
1041 2429 1092 2468 (v.
1112 2423 1248 2460 Westh.
1271 2423 1351 2466 1.1.)
1370 2421 1549 2459 adhibent
1565 2421 1623 2457 in-

124 2479 267 2518 terdum
291 2480 369 2513 adv.
389 2475 626 2514 unanimiter,
660 2483 698 2508 et
718 2473 874 2513 Graeci,
908 2474 992 2509 loco
1015 2476 1077 2523 μιᾷ
1096 2474 1230 2519 γνώμῃ.
1268 2472 1378 2508 etiam
1397 2470 1621 2516 ὅμαθυμαδδυ,

125 2541 194 2579 pro
212 2529 343 2575 quibus
360 2537 427 2561 nos
446 2524 623 2559 habemus
641 2523 705 2557 mie
723 2523 826 2559 einer
848 2523 960 2563 Seele,
988 2533 1046 2564 et,
1071 2536 1115 2559 ex
1135 2523 1246 2558 Hebr.
1265 2521 1420 2569 opinor,
1443 2521 1482 2555 in
1499 2518 1623 2556 einem

126 2578 262 2629 Gesse,
292 2577 350 2611 led
369 2585 406 2609 et
427 2573 508 2609 adv.
528 2572 732 2619 einmiithig.

227 2627 330 2672 Qae
352 2622 504 2669 quidem
523 2621 648 2656 omnia
668 2620 884 2666 puto-plana
902 2617 971 2655 effe
990 2630 1031 2653 ac
1050 2631 1154 2661 vera,
1187 2617 1391 2665 severisque
1410 2616 1624 2655 hominibus

126 2675 243 2724 magis
266 2672 459 2719 placitura.
489 2682 597 2716 quam
619 2668 718 2706 illam
738 2669 894 2706 aliorum
913 2667 1120 2708 rationem,
1157 2680 1250 2713 quae
1270 2669 1410 2714 ubique
1431 2675 1556 2712 crepat
1581 2675 1622 2700 e«

128 2735 224 2765 amat
234 2723 491 2773 pleonasmum
502 2731 608 2767 atque
618 2718 900 2757 redundantiam
910 2731 920 2761 ς
931 2729 1025 2766 quae
1035 2716 1130 2754 ratio
1139 2716 1236 2755 nihil
1246 2716 1335 2754 facit
1342 2715 1389 2753 ad
1399 2715 1487 2757 loci,
1495 2715 1625 2752 verho-
