1783 3133
173 100 263 144 512
333 85 503 131 LIBER
520 85 564 129 1.
589 86 709 130 CAP.
730 86 823 130 XII.
863 86 912 128 A.
933 81 1054 145 VssC.
1076 97 1183 153 942.
1222 86 1358 130 CHR.
1380 88 1441 130 N.
1470 93 1574 146 189.

169 203 274 260 τῶν,
345 195 443 248 οὐδὲ
491 198 766 267 πατούμενος
815 195 902 247 ὑπὸ
939 220 1020 251 nec
1041 205 1314 252 solummodo
1346 197 1673 256 conculeatione

170 277 252 323 τῶν
287 278 457 335 ἵππων,
499 275 633 325 ἀλλά
663 274 738 322 καὶ
770 272 857 321 ὑπὸ
886 286 903 308 e
941 296 1170 343 equorum,
1194 298 1347 339 verum
1365 284 1492 327 etiam
1507 283 1673 329 confer-

168 352 247 400 τοῦ
269 349 475 407 πλήθους
497 348 754 413 ὠθούμενος·
828 350 905 398 καὶ
941 366 982 400 ta
1003 356 1128 402 turba
1149 354 1443 402 confiistatus:
1473 361 1669 420 equitum

262 490 306 533 e)
331 490 394 522 Ms.
414 490 466 521 Ba.
481 489 552 521 ἀλλ’
571 491 625 519 ὑπό
642 502 676 519 τε
694 496 751 520 mx.
773 498 807 520 v.
826 488 872 522 N.
919 491 999 522 Mox
1021 489 1091 530 post
1107 493 1158 522 053.
1180 500 1239 530 pro
1260 491 1303 520 al.
1324 500 1489 522 commate
1510 497 1568 521 aut
1589 500 1672 530 pun-

170 537 250 572 cto,
287 537 408 609 melilus
438 535 470 565 in
498 537 568 576 δερ,
586 534 645 565 tel.
674 542 743 564 erat
770 532 870 564 coion
901 543 977 565 cum
1004 537 1068 568 Ms,
1088 537 1166 576 ng„
1198 536 1240 566 ob
1266 535 1544 568 consttustionem
1570 535 1603 565 in
1624 534 1672 576 sq.

169 581 323 614 membro
343 591 356 609 a
377 580 451 610 iam.

170 691 241 728 mis
260 690 434 736 deinceps
453 702 518 736 per
535 688 607 727 sola
628 687 754 730 subst..
782 688 821 724 in
835 688 955 725 verbis
977 689 1142 729 latentia,
1171 690 1294 731 credo,
1323 703 1475 738 propter
1497 690 1674 727 ultimum

171 741 277 777 suum
301 740 376 775 Lat.
397 738 435 774 in
455 738 620 786 particip.
641 739 761 782 οὲῗιουμ.
777 763 786 778 ,
819 750 861 774 ut
880 738 1063 775 suffecerit
1081 749 1203 774 tamen
1221 751 1260 775 et
1284 739 1343 774 hic
1358 741 1511 786 petitus,
1538 740 1675 777 iliacu-

170 791 216 826 lis
234 789 389 838 petitus,
423 800 463 822 ut
485 788 517 834 §.
539 801 590 834 pr.
612 788 657 827 i..
689 793 738 821 cr.
761 789 839 823 lud.
860 789 954 822 Xen.
976 788 1060 833 Cyr.
1083 786 1147 826 Z.‚
1179 799 1226 822 ne
1245 788 1402 825 habente
1422 789 1572 835 quidem
1593 791 1674 834 Stp.

169 839 245 874 Th.
269 837 349 929 pal}
370 849 402 871 v.
431 836 540 890 huius
557 836 718 872 notione
734 835 810 878 ista,
840 848 918 884 quo
940 836 1103 877 servate,
1130 846 1168 871 et
1186 836 1276 872 salva
1299 849 1376 873 erat
1396 849 1543 884 praep.‚
1563 836 1609 872 cf.
1628 838 1675 872 de

170 905 235 925 των
256 902 307 931 ‹re-
353 916 360 923 .
388 898 440 931 pr.
466 898 490 919 ι.

221 940 296 973 οὐδὲ
321 941 424 977 κατ.)
452 933 574 970 liciam
598 933 660 969 hic
693 933 917 981 intelligitur
945 929 1054 977 μόνον.
1084 933 1200 981 Steph.
1259 933 1342 971 Sch.
1373 934 1503 980 partim
1535 947 1554 969 e
1575 935 1613 968 P.
1636 933 1677 969 in

170 1002 286 1028 :ma-r.
304 984 528 1032 proculcatus
556 984 598 1019 ab
621 984 730 1029 equis.
781 985 855 1028 Stp.
879 984 1025 1022 censet,
1059 981 1126 1019 oin-<3
1146 985 1249 1019 κοινοῦ
1276 984 1520 1028 repetendum
1548 978 1676 1026 μόνα-ιι(

169 1035 276 1085 quod
295 1044 334 1069 et
354 1035 414 1079 Bg.
438 1032 573 1068 diserte
599 1032 690 1067 facit
715 1032 754 1067 in
776 1031 841 1066 suo
861 1031 1046 1077 compos„
1085 1044 1141 1078 ap.
1162 1032 1293 1067 G.Th.
1315 1030 1390 1067 fine
1412 1033 1476 1068 Gr.
1503 1031 1613 1072 „adv.
1634 1041 1676 1067 ut

171 1085 432 1122 tantummodo,
470 1081 493 1116 i.
514 1093 548 1127 q.
577 1079 720 1121 solum,
741 1100 780 1107 —
807 1082 1068 1122 tantummodo,
1099 1075 1217 1123 μόνον,
1249 1075 1374 1124 μόνως,
1413 1081 1434 1116 i.
1459 1093 1493 1129 q.
1515 1091 1677 1121 tantum,

171 1134 198 1171 i.
219 1132 356 1170 solum,
393 1130 452 1166 sed
475 1142 559 1164 cum
579 1130 843 1165 vehementia‘s
868 1129 984 1165 immo
1003 1129 1076 1165 fine
1095 1129 1274 1175 emphafi,
1301 1143 1342 1165 ac
1360 1131 1472 1166 modo
1496 1143 1558 1176 per
1577 1128 1678 1163 illam

171 1190 210 1222 ἐκ
230 1176 450 1226 παραλλήλου
471 1177 623 1227 figuram
637 1205 647 1220 ,
673 1190 714 1214 ut
731 1177 946 1214 nostratium
965 1179 1173 1218 vaus-alteim·
1195 1178 1242 1214 cf.
1253 1178 1342 1215 Niz.
1363 1179 1514 1214 meliora
1528 1189 1566 1214 et
1584 1176 1681 1213 fimi-

169 1234 209 1269 1e
230 1229 321 1278 quid
340 1230 417 1274 δερ.
442 1241 472 1270 ι,
502 1240 531 1270 1,
555 1240 649 1271 5.m.
675 1227 719 1261 ad
738 1241 885 1269 orosam,
921 1239 963 1263 ut
985 1227 1094 1273 poffit
1111 1231 1184 1265 οὐδὲ
1202 1228 1406 1274 comparari
1427 1240 1512 1263 cum
1535 1227 1595 1262 illa
1623 1237 1679 1261 ra-

173 1280 302 1319 tione,
331 1278 393 1313 ubi
413 1277 453 1312 in
474 1280 532 1318 εὐ,
573 1275 751 1322 sequente
768 1276 858 1313 α’λλέι
878 1275 954 1317 καὶ,
984 1276 1081 1312 deest
1102 1274 1220 1318 μόνον,
1257 1288 1333 1322 quo
1356 1276 1401 1311 de
1423 1276 1472 1312 cf.
1491 1275 1535 1311 ad
1554 1275 1676 1310 Thuc.

172 1343 212 1377 p.
226 1340 307 1371 292.
326 1327 374 1363 N.
388 1337 442 1370 25.
464 1338 494 1360 a.
516 1338 547 1360 e.
579 1337 662 1360 cum
682 1326 772 1362 Abr.
792 1325 868 1360 Dil.
891 1337 923 1372 p.
938 1336 1017 1370 154·
1034 1338 1065 1360 e.
1089 1325 1200 1360 Wess‘.
1219 1326 1262 1360 ad
1283 1325 1396 1360 Diod.
1416 1326 1452 1362 S.
1467 1336 1538 1368 1,7.
1558 1324 1607 1360 N.
1621 1333 1679 1369 73.

170 1381 212 1416 b.
233 1391 266 1413 e.
299 1388 376 1419 141.
399 1376 434 1410 b.
453 1387 483 1410 e.
511 1375 636 1410 Valck.
658 1376 700 1411 ad
723 1375 803 1410 Eur.
823 1374 963 1410 Phoen.
985 1385 1115 1420 p.501.
1137 1376 1171 1410 b.
1195 1375 1255 1410 Rs.
1276 1373 1436 1410 adPolb.
1458 1385 1495 1421 p.
1508 1381 1586 1419 329·
1600 1371 1678 1419 sqq.

172 1427 256 1467 lnd.
275 1427 384 1461 Dem.
406 1425 532 1460 Bauer.
551 1423 681 1459 Philol.
705 1436 738 1469 p.
762 1432 841 1463 180.
864 1436 908 1457 m.
939 1436 972 1469 p.
993 1423 1040 1470 sq.
1073 1424 1113 1459 L.
1134 1423 1214 1459 Bos.
1231 1422 1299 1458 Eu.
1321 1435 1355 1469 p.
1371 1434 1442 1467 559.
1459 1447 1469 1463 ‚
1503 1435 1559 1468 ap.
1582 1433 1678 1468 quos

172 1487 298 1513 tamen
319 1473 406 1508 sunt
431 1473 544 1507 modo
565 1472 658 1508 duae
681 1472 983 1510 enunciationes.
1011 1476 1113 1507 iecus
1133 1485 1171 1506 ac
1188 1472 1270 1512 hic,
1302 1471 1365 1507 ubi
1385 1471 1492 1507 tertia
1511 1471 1535 1507 s.
1557 1469 1678 1505 media

164 1537 242 1574 per
261 1525 335 1560 οὐδὲ
355 1520 584 1557 interiicitur
606 1521 704 1557 inter
723 1525 767 1556 οὐ
782 1517 876 1564 μόνον
895 1531 933 1556 et
954 1521 1044 1557 ἀλλὰ
1064 1519 1138 1562 xo).
1176 1533 1251 1568 quo
1271 1520 1316 1556 de
1336 1532 1470 1568 genere
1491 1520 1585 1555 nihil
1620 1531 1677 1564 ap.

173 1574 266 1610 alios
287 1569 402 1618 reperi
416 1596 426 1612 ,
458 1582 528 1605 nec
551 1583 614 1616 per
634 1569 842 1606 Latjlndd.
867 1571 914 1605 G.
933 1570 1006 1605 Th.
1023 1581 1062 1605 et
1080 1571 1172 1605 Hor.
1193 1569 1321 1608 Turs..
1346 1569 1408 1604 ubi
1426 1581 1496 1604 nec
1512 1570 1557 1604 dc
1568 1569 1678 1606 modo,

174 1622 320 1663 solum,
346 1630 485 1656 tantum
498 1644 509 1660 ,
534 1619 573 1654 in
591 1619 692 1665 dupl.
713 1618 773 1654 illa
793 1617 1058 1654 enunciatione
1073 1617 1225 1658 omiffis,
1251 1617 1313 1652 sed
1332 1617 1370 1652 in
1384 1620 1440 1654 Cl.
1454 1617 1529 1653 Cic.
1549 1617 1679 1652 etlntl.

172 1674 278 1708 Suet.
303 1672 424 1705 Burm.
449 1678 488 1703 et
507 1669 609 1705 Con,
630 1680 686 1715 ep.
707 1667 805 1708 Cic„
835 1678 876 1702 ut
897 1678 1022 1702 tamen
1041 1678 1078 1702 et
1098 1670 1173 1703 εῠδέ
1194 1666 1298 1712 poffis
1319 1678 1448 1712 capere
1472 1678 1538 1712 pro
1557 1663 1675 1710 simpl.

173 1719 385 1766 copulativa
408 1716 487 1763 post
503 1716 767 1764 negationem,
808 1728 876 1761 pro
894 1724 928 1750 et
947 1728 1010 1751 aut
1031 1717 1110 1755 vel,
1144 1728 1218 1762 quo
1239 1717 1284 1750 de
1306 1728 1340 1751 v.
1367 1714 1443 1750 ind.
1462 1713 1571 1749 nostr.
1592 1725 1678 1748 cum

170 1769 290 1806 Fisch.
315 1766 469 1806 Aeseh..
504 1776 548 1800 ut
578 1768 622 1801 de
642 1767 719 1799 Lat.
751 1777 810 1800 nec
832 1765 918 1799 Ern.
943 1764 1048 1806 mv..
1081 1775 1226 1800 tacente
1245 1767 1324 1813 δερ.
1342 1764 1438 1805 Th„
1481 1761 1544 1811 qui
1572 1762 1612 1798 in
1639 1774 1676 1797 v.

172 1835 253 1856 ποετ.
273 1829 356 1853 cum
379 1818 457 1852 Lat.
478 1815 620 1851 calcare
637 1813 749 1849 etiam
770 1824 877 1849 tenet
895 1814 1055 1859 compofi
1075 1815 1300 1854 conculcare,
1342 1825 1417 1860 quo
1439 1815 1498 1861 ssg.
1518 1810 1678 1858 relpicit,

172 1867 222 1903 cf.
246 1865 327 1914 pais.
347 1877 430 1900 cum
452 1876 572 1911 praep.
594 1863 713 1898 nostra
735 1865 775 1899 L.
798 1863 844 1899 N.
858 1863 905 1898 T.
925 1863 1007 1898 lud.
1030 1864 1117 1899 Lat.
1136 1865 1219 1899 fab.
1237 1863 1387 1899 Aeilfls.
1401 1874 1438 1898 et
1450 1862 1551 1898 Arist.
1566 1859 1679 1902 Kust.,

170 1919 269 1963 (quo
282 1915 449 1962 pertinet
464 1913 558 1948 haud
581 1911 693 1948 dubie
711 1912 816 1948 Suid.
841 1921 875 1957 3,
897 1923 953 1955 59.
967 1914 1015 1956 e.)
1033 1925 1115 1948 cum
1126 1913 1359 1953 Xen.132ch.‚
1383 1911 1446 1947 sed
1465 1923 1522 1956 ap.
1535 1910 1581 1946 G.
1599 1909 1678 1946 Th.

171 1965 384 2006 „com-ulto,
419 1968 621 2007 συμπατὲω,
657 1961 681 1996 i.
703 1973 739 2008 q.
765 1961 926 2002 calcare,
961 1959 1028 1996 nifi
1054 1962 1156 2008 quod
1186 1974 1247 1997 con
1267 1971 1398 2008 auget.
1436 1959 1676 2006 (continuum

153 2015 263 2061 quid
283 2025 322 2048 ac
341 2024 464 2048 totum
488 2013 669 2050 innuens,
703 2021 745 2046 ut
771 2010 933 2045 nostrum
961 2021 1163 2052 zet-treten,
1201 2009 1265 2046 nisi
1285 2021 1322 2044 et
1343 2020 1466 2052 vacat,
1502 2009 1563 2044 sed
1591 2019 1675 2042 cum

170 2065 237 2099 Gr.
258 2066 311 2104 n.)
331 2063 446 2102 calco,
487 2060 636 2107 proprie
664 2062 759 2105 pede
788 2059 810 2094 1]
835 2060 932 2095 calce
959 2060 1204 2107 comprimere
1230 2065 1294 2105 (ac
1321 2059 1612 2103 comminuam)
1636 2076 1675 2085 —

171 2124 299 2162 propr.
320 2112 365 2147 de
387 2117 513 2158 εειῃιιο(ε
536 2109 637 2157 quod
650 2119 688 2144 et
700 2109 734 2143 h.
754 2109 778 2143 l.
801 2109 909 2144 valet.

222 2159 287 2199 ,ἕω-δ
307 2162 367 2197 roc
387 2171 444 2196 m.
469 2159 547 2202 039.)
573 2158 657 2194 Sch.
694 2156 804 2203 „paffi
828 2157 889 2195 219.
912 2155 1029 2204 trusus
1057 2155 1081 2191 s.
1102 2158 1322 2205 conflit‘latus
1347 2156 1514 2192 conferta
1537 2155 1676 2191 tur-hm

170 2223 267 2258 quae
287 2221 375 2245 extr.
399 2222 418 2243 e
440 2208 480 2243 P.
502 2208 618 2243 servat
638 2209 701 2254 Bg.
715 2232 724 2247 ,
761 2217 803 2240 ut
822 2220 859 2242 et
881 2205 960 2253 pass.
975 2208 1051 2242 Lat.
1066 2230 1076 2245 ,
1107 2219 1173 2252 pro
1194 2219 1314 2253 praep.
1335 2205 1550 2243 substituens
1570 2203 1675 2241 fimul

168 2260 367 2298 formulam
395 2258 472 2305 syn.
496 2258 563 2292 abl.
580 2256 692 2296 nudi,
719 2268 759 2290 ac
781 2255 885 2290 subst.
910 2255 1068 2291 reddens
1086 2254 1218 2290 iterum
1241 2270 1302 2302 per
1320 2256 1389 2292 adi.
1409 2267 1446 2290 et
1464 2253 1590 2295 suost.;
1618 2264 1674 2289 te-

168 2321 287 2345 nente
309 2310 388 2352 Stp.
408 2308 481 2341 Th.
504 2305 667 2341 nostrum
690 2306 812 2340 locum
834 2305 907 2340 fine
934 2305 998 2339 Vs.
1020 2304 1084 2339 sub
1111 2305 1199 2343 ndi).
1221 2305 1342 2346 trude,
1370 2304 1483 2351 pello,
1506 2302 1675 2349 impello,

169 2360 265 2394 rel.“
292 2355 352 2392 sed
374 2356 418 2391 G.
442 2356 514 2390 Th.
535 2355 611 2390 Lat.
632 2355 695 2401 Bg.
716 2352 792 2389 sine
817 2354 969 2399 explic„
1009 2365 1050 2388 nt
1070 2352 1157 2388 Niz.
1177 2355 1254 2389 lnd.
1281 2355 1384 2389 Suet.
1408 2356 1528 2389 Amin.
1549 2353 1603 2390 M.
1635 2364 1675 2388 et

166 2407 265 2443 Plin.
292 2418 351 2452 ep.
366 2429 377 2445 ‚
413 2403 474 2440 sed
502 2416 584 2440 cum
606 2402 725 2450 aliqua
747 2403 800 2437 Cl.
822 2401 894 2439 Cic.
918 2401 998 2438 lud.
1021 2403 1132 2438 Corn.
1157 2403 1205 2439 N.
1233 2415 1316 2438 cum
1334 2404 1424 2438 Tac.
1441 2412 1481 2438 et
1500 2402 1601 2437 Don.
1629 2398 1675 2435 ad

168 2456 258 2492 Ter.
277 2453 391 2490 Andr.
418 2466 448 2495 1,
474 2466 504 2494 1,
531 2460 589 2489 6⁶.
603 2477 612 2492 ‚
651 2465 671 2487 e
692 2452 828 2499 quibus
847 2463 989 2498 pateat.
1022 2452 1182 2488 notione
1203 2451 1366 2499 phyiica,
1393 2464 1462 2498 qua
1477 2452 1542 2487 Gs.
1562 2459 1674 2488 caret,

166 2504 229 2540 hic
250 2503 320 2538 (lici
337 2529 346 2543 ‚
382 2514 448 2548 pro
470 2502 577 2537 tundi
601 2502 644 2537 ab
665 2501 789 2548 aliquo
803 2527 811 2541 ,
839 2513 877 2536 et
897 2502 940 2537 ad
962 2499 1122 2548 aliquem
1136 2527 1147 2542 ,
1174 2503 1285 2548 pelli,
1319 2501 1435 2548 premi
1455 2500 1575 2545 aliqua
1593 2509 1675 2534 cor-

165 2549 271 2600 poris
293 2562 418 2597 parte‚
453 2551 513 2586 vel
535 2562 576 2586 ut
597 2549 837 2597 progrediaris
856 2562 894 2585 et
917 2561 1065 2597 pergas,
1093 2552 1150 2586 vel
1174 2562 1236 2591 ut,
1262 2561 1434 2596 praeceps
1455 2549 1565 2587 aelus,
1591 2559 1674 2593 pro«

166 2601 357 2640 sternaris,
392 2601 448 2634 vel
478 2600 574 2636 inter
599 2598 712 2638 alios,
752 2610 795 2634 ut
821 2598 968 2645 tpirituS
996 2611 1037 2633 ac
1062 2600 1137 2635 vita
1160 2599 1325 2640 deficiam
1358 2609 1451 2646 quae
1469 2599 1540 2633 duo
1561 2596 1671 2641 postr-

165 2650 324 2686 maxime
343 2648 405 2683 hic
427 2649 652 2695 colliguntur
672 2661 691 2683 e
712 2661 763 2692 pr.
786 2652 940 2693 ἔφθης.)
969 2648 1017 2683 cf.
1034 2649 1219 2684 Valck.ad
1233 2648 1389 2684 Herodt.
1411 2652 1532 2692 p-564.
1551 2645 1599 2681 N.
1613 2649 1670 2681 66.

164 2699 255 2737 Hes.
277 2712 313 2742 2,
339 2707 446 2743 1585.
464 2710 511 2733 m.
526 2722 537 2740 ‚
566 2709 643 2735 uon
660 2697 858 2736 coll.Suid.
879 2710 916 2740 2,
936 2707 1060 2744 753.e.
1082 2699 1265 2735 lnd.ssud.
1280 2697 1322 2733 C.
1344 2694 1671 2732 Dem.Xen-Bach.
