1772 3158
174 122 351 169 LIBER
369 122 402 168 1.
433 108 556 169 c'AP.
577 121 669 167 xv,
695 122 748 167 A.
766 121 822 169 v.
844 121 890 168 c.
911 133 1019 181 945.
1052 118 1192 167 cim.
1214 118 1281 166 N.
1307 115 1419 180 ἱρά.
1489 123 1580 183 65¹

81 239 285 302 ταχᾶθεν
304 236 408 308 ζῶσι
427 235 656 308 ἦθςοῖζετο
679 239 815 302 αὐτῷ.
854 242 984 305 dique
1005 251 1149 288 autem
1173 242 1374 288 animalia
1405 244 1590 307 conqui-

82 313 181 365 τότε
200 317 305 380 γοῦν
325 309 511 379 εἴδομεν,
551 315 641 362 ὅσα
654 315 692 362 ἐν
705 333 816 382 γςοι-
850 317 1058 364 rebantur
1069 316 1164 382 ipsi.
1214 321 1346 363 Tunc
1361 334 1468 378 ergo
1484 318 1594 367 vidia

81 397 198 456 φαῒς
230 387 554 458 ἐθαυμάζομεν
590 390 628 441 k.
723 386 819 437 ἀπό
853 410 974 450 mus,
1004 409 1116 458 quae
1136 395 1183 440 in
1200 389 1386 459 piOcuris
1407 394 1590 442 miraba-

171 518 212 562 k)
237 521 274 552 ln
295 521 358 553 Ms.
373 519 427 552 Ba.
445 518 502 551 hic
529 524 599 550 erat
620 527 748 550 comma
766 526 920 560 pravum.

81 632 170 679 Bg.,
203 629 283 667 fere
300 644 325 668 e
344 631 408 673 R,
443 630 566 669 Nostri
593 629 810 673 formulam,
843 633 940 680 (qua
966 630 1014 668 de
1039 629 1144 678 supra
1162 629 1204 668 in
1231 631 1365 669 eodem
1383 629 1496 677 ξείνη)
1515 640 1591 668 tur-

81 678 203 729 bantis
225 679 434 728 legitimum
459 680 565 717 litum
587 680 724 718 iterum
738 693 815 716 non
836 681 1016 717 laevitaris
1027 692 1129 728 erg0,
1154 680 1216 716 sed
1237 694 1303 728 pro
1319 679 1495 721 libidine;
1522 677 1589 716 ubi

83 730 147 777 Bg.
168 740 188 763 e
209 728 248 764 P.
269 729 393 766 reddit
411 743 444 765 v.
467 729 566 777 2599..
603 742 684 766 non
711 729 801 767 item
821 729 963 766 omittit
984 730 1055 766 dat.
1081 743 1188 777 pron.
1215 729 1256 766 in
1275 730 1357 777 pass.
1372 751 1382 768 ‚
1420 729 1483 778 qui
1510 740 1592 764 non

82 786 157 814 tam
181 776 223 813 sit
240 778 417 821 austeris,
447 791 513 826 pro
534 779 591 815 ὁπ’
610 780 733 821 αὐτοῦ.
766 779 787 816 s.
810 778 900 816 iussu
918 778 1017 822 eius,
1049 791 1161 827 quarn
1183 779 1436 815 commodi'et
1462 791 1528 825 pro
1550 778 1594 813 in

81 826 287 864 usunreius
300 852 310 868 ‚
335 828 400 874 qui
421 838 499 865 erat
518 827 555 864 in
578 829 769 872 necand03
800 841 870 865 nec
882 829 980 866 hunc
999 830 1123 866 locum
1136 829 1289 865 tenent‘e
1300 830 1378 875 Stp.
1396 827 1473 863 Th.
1487 853 1497 868 ‚
1519 837 1595 862 nee

81 876 161 912 Lar.
186 878 274 924 Bg.,
304 889 360 924 ap.
381 878 427 913 G.
448 878 522 914 Th.
545 880 749 924 ,ηυξ-πέρ),
787 878 913 921 simul,
946 878 970 914 s.
993 890 1036 915 ex
1057 877 1223 925 pluribus
1241 877 1353 919 locis,
1387 887 1489 913 certe
1510 874 1597 911 dili·
1623 902 1628 913 x

83 936 217 973 genter
237 937 414 973 quaerere
437 937 474 963 et
492 926 734 975 investigare“
761 926 839 964 fere
859 939 943 963 cuin
964 927 1071 969 Niz„
1099 927 1158 962 hic
1178 926 1351 972 quidem,
1387 927 1434 961 ob
1455 924 1594 961 adiuu-

83 973 182 1011 stum
204 974 284 1010 adv.
310 974 428 1019 illud,
460 977 577 1011 modo
604 988 671 1023 pro
686 976 799 1022 simul
825 987 864 1013 et
880 977 919 1012 in
938 988 1055 1013 unum
1077 977 1223 1018 locum,
1262 975 1372 1012 nobis
1393 973 1595 1022 zusammen

81 1023 250 1072 bring-em
284 1036 362 1060 non
384 1024 598 1061 tenentibus
628 1025 785 1061 omnino
805 1026 885 1061 Lat.
909 1025 1052 1072 semper
1078 1024 1274 1071 simplicia,
1317 1036 1413 1072 quae
1441 1023 1596 1070 respon-

84 1073 199 1110 deant
216 1073 389 1114 Graecis,
424 1085 467 1110 ut
484 1084 665 1121 cogantur
688 1075 800 1121 lnttp.
823 1075 1048 1111 descendere
1073 1075 1118 1109 ad
1139 1072 1320 1119 compos..
1354 1072 1418 1109 sed
1442 1085 1505 1119 per
1524 1083 1597 1108 no·

81 1120 265 1158 tationem
289 1123 519 1159 conveniant
535 1125 613 1160 Lat.
631 1136 807 1159 acervare
826 1135 865 1160 et
885 1125 1080 1164 cumulare,
1115 1135 1190 1169 quo
1219 1121 1354 1169 spestat
1372 1122 1488 1157 Vern.
1518 1130 1596 1159 vet.

81 1171 199 1219 hiiufig
217 1172 356 1218 herbey
379 1172 550 1220 bringem
587 1184 682 1220 quae
704 1171 813 1208 notio
835 1171 927 1208 inest
943 1171 1054 1208 etiam
1079 1171 1118 1208 in
1148 1170 1222 1207 illis
1239 1170 1381 1207 voculis
1400 1169 1601 1216 Lat-simul

82 1230 124 1256 et
142 1232 224 1262 con;
261 1221 379 1262 unde,
415 1232 560 1267 praeter
582 1223 666 1268 Bg.,
702 1221 964 1258 tolerabuntur
985 1232 1137 1270 quoque
1157 1219 1246 1256 haec
1265 1219 1342 1256 Lat.
1361 1219 1525 1266 colligere
1555 1229 1596 1256 et

39 1278 41 1280 ’
80 1281 216 1318 cogere.
264 1271 460 1306 Caeterum
476 1269 538 1306 hic
554 1269 705 1317 potius,
742 1282 784 1307 ut
804 1270 843 1307 in
860 1283 901 1307 re
922 1269 1012 1312 alia,
1046 1268 1240 1320 posuimus
1265 1280 1387 1306 novae
1410 1265 1442 1314 §.
1462 1279 1597 1304 nume·

80 1329 187 1360 rum,
220 1329 332 1366 quam
351 1330 434 1354 cum
453 1320 514 1357 Bc.
534 1317 573 1354 in
591 1318 641 1367 sq.
659 1317 741 1357 τότε
761 1320 923 1357 demum.

126 1363 208 1406 τότε
230 1369 285 1413 γ.)
313 1368 414 1404 Idem
437 1369 508 1410 est,
531 1381 573 1404 ac
591 1366 616 1404 fi
633 1368 788 1411 dixisset,
814 1365 880 1407 ’ὅσα
900 1367 1062 1416 πρότερον
1081 1373 1181 1415 {vese-
1196 1364 1378 1407 ffl-Rea'sk·
1425 1365 1485 1402 Sic
1506 1366 1597 1404 etP.

81 1431 158 1460 „ac
174 1429 254 1454 tum
272 1419 424 1465 primum
443 1416 605 1454 vidimus
618 1443 630 1459 ,
664 1431 752 1467 quae
780 1429 887 1455 antea
915 1419 954 1454 in
973 1418 1058 1465 ρίξὶ.
1078 1419 1194 1454 mir.“
1220 1416 1399 1466 suppletis
1429 1426 1599 1460 utroque

84 1467 128 1504 in
157 1467 324 1504 membro
345 1467 426 1503 adv.
456 1464 659 1514 temporis,
697 1480 790 1515 quae
810 1468 943 1505 Noster
971 1469 1077 1516 saepe
1097 1466 1262 1509 omittit,
1297 1479 1383 1502 curn
1407 1464 1471 1501 hic
1498 1478 1520 1501 e
1540 1478 1598 1512 pr.

83 1513 166 1556 τότε
184 1514 291 1552 facile
309 1515 453 1564 cogites
470 1516 512 1552 in
532 1515 650 1552 altero
668 1517 835 1554 membro
854 1517 1080 1554 contrarium
1101 1517 1182 1553 adv.
1201 1517 1283 1558 Rs.,
1305 1514 1398 1551 ficut
1417 1514 1453 1550 in
1473 1515 1600 1563 primo

87 1566 255 1602 membro
277 1564 320 1600 ad
341 1566 487 1612 plenam
504 1565 726 1603 sententiam
746 1565 1116 1614 concinnitatemque
1133 1565 1299 1613 requiras
1320 1577 1353 1602 v.
1374 1576 1405 1600 c.
1428 1576 1536 1606 vere,
1568 1562 1600 1599 s.

85 1612 208 1663 specie
224 1614 381 1650 naturali
398 1626 437 1651 et
455 1613 560 1655 viva,
590 1611 714 1660 φύσει,
738 1619 785 1661 τῷ
806 1612 898 1659 ἔπι,
925 1618 1059 1661 ζῶντα,
1086 1625 1182 1656 etc.‚
1219 1628 1239 1650 e
1260 1614 1311 1661 sq.
1334 1617 1365 1652 ἐν
1382 1626 1462 1659 Te&
1495 1612 1603 1650 seve·

85 1664 164 1701 sius
188 1662 368 1698 reddente
388 1665 449 1711 Bg.
467 1666 567 1707 γοῦν,
593 1662 642 1699 cf.
654 1666 732 1712 Stp.
745 1665 818 1699 Th.
832 1678 866 1709 4,
879 1669 960 1709 694.
973 1664 1020 1700 G.
1044 1677 1080 1711 p.
1094 1663 1146 1711 sq.
1162 1665 1200 1699 B.
1218 1675 1250 1699 e.
1277 1662 1356 1698 lnd.
1368 1663 1487 1699 Thuc.
1501 1663 1602 1701 Xen-

85 1712 172 1750 Pol.
193 1712 234 1748 Z.
253 1722 292 1747 et
309 1723 402 1760 quos
421 1712 505 1748 alibi
528 1712 770 1753 laudavimus,
797 1712 859 1749 sed
881 1711 1081 1759 supplente
1105 1712 1186 1749 Sch.
1208 1710 1358 1748 demum
1379 1710 1417 1747 in
1438 1723 1471 1746 ν.
1488 1714 1600 1756 flavet.

88 1761 245 1803 ,‚mirab.
271 1770 356 1797 ante
382 1760 552 1798 animalia
571 1761 610 1796 in
635 1762 749 1810 pum
778 1760 883 1798 subst.
902 1764 974 1808 ζῶκ
1004 1774 1024 1797 e
1043 1774 1096 1808 pr.
1110 1787 1121 1803 ,
1154 1773 1238 1797 curn
1261 1761 1332 1796 iam
1353 1759 1393 1796 in
1411 1772 1466 1807 pr.
1487 1772 1521 1795 v.
1539 1764 1600 1797 εἳδ.

87 1808 254 1857 suppleri
269 1809 376 1857 poffit
391 1808 540 1853 τούτων,
567 1817 633 1849 τῶν
651 1809 765 1857 ζώων,
801 1814 897 1852 τινὰ,
930 1809 994 1848 ὅσοι
1010 1823 1066 1852 a„
1102 1821 1184 1847 turn
1207 1820 1377 1857 ponente
1401 1811 1462 1858 Bg.
1490 1809 1601 1846 suum

86 1861 169 1897 Lat.
185 1871 220 1894 v.
241 1870 309 1906 pro
329 1859 525 1900 admirari,
559 1872 616 1907 ap.
638 1862 686 1897 G.
709 1861 779 1896 Th.
799 1872 883 1896 curn
903 1859 969 1896 Gr.
994 1873 1030 1896 n.
1058 1859 1132 1900 „de
1153 1871 1193 1895 re
1212 1859 1333 1907 aliqua
1356 1857 1602 1900 commoveri,

87 1920 268 1956 tanquam
287 1908 480 1957 incognita
497 1919 536 1945 et
561 1917 723 1958 magna«
751 1909 814 1945 ubi
837 1908 873 1944 in
894 1908 1000 1944 subst.
1025 1921 1102 1944 non
1125 1908 1260 1945 diserte
1282 1920 1346 1954 pro
1365 1908 1486 1943 tabula
1505 1907 1602 1954 pieta

87 1959 112 1996 s.
136 1957 274 2007 figura,
306 1970 415 2005 quam
435 1957 656 2000 notionem,
691 1970 832 2006 praeter
851 1970 962 2005 pauca
983 1959 1062 2005 Stp.
1081 1958 1154 1994 Th.
1170 1983 1180 2000 ‚
1207 1970 1242 1993 v.
1266 1969 1323 2004 ap.
1344 1956 1423 1992 Cas.
1443 1958 1487 1994 ad
1506 1956 1601 1992 Ath.

90 2023 126 2051 2,
147 2018 228 2055 347.
247 2020 278 2043 e.
300 2019 383 2043 cum
404 2006 485 2044 Ind.
507 2007 589 2043 Ael.
602 2009 649 2042 V.
663 2008 700 2044 h.
754 2009 845 2044 Mox
862 2005 904 2043 in
923 2013 962 2044 τὲ
975 2005 1178 2056 omiss‘oBg.
1201 2006 1336 2043 iterum
1357 2018 1378 2042 e
1397 2007 1437 2041 P.
1451 2029 1462 2046 ,
1490 2017 1601 2053 aquo

89 2069 176 2095 cum
196 2055 277 2092 Sch.
297 2055 451 2092 discedit
467 2055 506 2091 in
521 2069 643 2105 praep.
664 2068 703 2093 et
721 2056 936 2097 nominibus
955 2055 1137 2103 propriis.
1166 2067 1262 2104 quae
1283 2054 1349 2092 ille
1368 2066 1490 2091 tamen
1502 2054 1601 2092 reste

88 2106 325 2145 intellexerat
345 2105 391 2140 de
410 2105 517 2141 terris
537 2106 785 2153 populorum,
820 2116 897 2153 quo
917 2104 963 2141 de
984 2118 1059 2141 nou
1091 2105 1231 2154 cogitat
1248 2105 1290 2140 in
1309 2106 1388 2142 Ais.
1407 2107 1488 2151 Stp.
1508 2104 1603 2146 Th..

89 2167 219 2192 tacens
244 2154 352 2202 plane
371 2155 417 2191 de
437 2153 509 2191 Ἰνδ.
561 2155 634 2191 Sed
654 2155 791 2192 deinde
814 2155 854 2191 in
872 2154 953 2192 ε’ίτι
974 2154 1228 2201 supplebimus
1246 2153 1364 2190 casum
1387 2152 1493 2189 subst.
1513 2155 1602 2200 ζῶον

88 2205 116 2242 s.
136 2202 227 2251 ζώων
246 2216 266 2239 e
286 2213 490 2247 contexm,
527 2205 613 2251 quia
631 2206 677 2241 de
697 2205 753 2241 hiz
776 2205 890 2241 modo
912 2203 1031 2240 sermo
1052 2203 1102 2240 est
1117 2228 1127 2244 ‚
1163 2216 1255 2251 quae
1276 2203 1381 2239 subst.
1411 2202 1531 2239 latent
1558 2202 1602 2239 in

90 2266 148 2302 pr.
170 2264 232 2289 aut
250 2252 302 2300 sq.
325 2256 398 2300 ζῶα
416 2251 449 2299 §.
471 2265 527 2294 e.,
559 2253 750 2291 deserente
772 2255 835 2302 Bg.
854 2252 947 2289 illud
965 2254 1005 2289 P.
1024 2251 1102 2302 syn.
1121 2253 1311 2300 quidquid,
1347 2252 1451 2298 supra
1474 2250 1603 2288 trasta-

89 2314 194 2342 tum,
223 2312 262 2338 et
281 2313 344 2349 per
360 2300 394 2336 se
414 2313 498 2337 cum
515 2303 581 2339 Gr.
601 2315 662 2351 par
682 2301 736 2338 illi
755 2301 792 2349 §·
812 2305 845 2339 6.
865 2298 964 2344 ἶσος,
1005 2313 1072 2348 pro
1100 2314 1175 2350 quo
1196 2303 1325 2338 Noster
1347 2300 1516 2342 variatim
1553 2299 1602 2337 ad

90 2351 145 2400 sq.
172 2364 248 2397 μεσ.
267 2364 288 2386 e
306 2351 345 2386 P.
369 2362 446 2388 non
475 2351 590 2387 modo
615 2363 811 2398 repetente
833 2353 894 2400 Bg.
918 2351 1229 2399 praepositionem
1245 2349 1336 2391 ἁπδ,
1370 2349 1451 2391 hic,
1484 2350 1604 2387 inter-

74 2399 195 2438 ,iestis
223 2398 411 2447 pluribus,
443 2409 600 2448 totaque
629 2401 720 2437 adeo
743 2400 1038 2442 mundatione,
1073 2411 1268 2449 regentem
1296 2397 1493 2441 inferiora,
1536 2398 1602 2435 sed

89 2449 206 2487 etiam
225 2448 405 2486 reddente
421 2454 487 2493 τὲ,
526 2461 735 2498 quanquam
757 2450 829 2486 alio
855 2449 1010 2491 ordine,
1047 2461 1115 2497 pro
1135 2451 1216 2485 Lat.
1235 2449 1368 2489 etiam,
1399 2449 1604 2496 omissaque

89 2498 193 2536 illius
213 2498 282 2534 alia
302 2498 431 2545 copula
456 2510 543 2546 que3
583 2499 643 2535 ubi
667 2499 819 2535 illaSch.
847 2516 914 2544 nu·
933 2498 979 2535 de
997 2497 1098 2547 plaga
1113 2498 1272 2535 merid.“
1300 2497 1460 2534 innuere
1474 2499 1604 2534 volue-

87 2547 139 2584 rit
161 2548 241 2594 Stp.
264 2546 336 2582 Th.
360 2558 424 2593 per
443 2548 531 2584 haec
556 2549 770 2590 „meridien
798 2547 1026 2596 respondens
1049 2545 1326 2595 septentrioni“
1350 2547 1522 2590 aliunde,
1551 2545 1604 2586 cf.

72 2596 132 2636 ‚L
155 2598 203 2634 N.
223 2597 270 2632 T.
292 2595 374 2632 lnd.
395 2595 484 2634 Luc.
516 2608 555 2632 et
576 2597 660 2634 Hes.
679 2611 713 2639 2,
735 2602 814 2642 576.
832 2610 886 2639 e.,
927 2596 1163 2645 intelligente
1186 2609 1244 2632 me
1276 2596 1314 2632 in
1347 2607 1406 2638 τῆς
1435 2601 1534 2643 bear.
1561 2611 1602 2641 γ.

90 2643 351 2686 Germaniam,
382 2656 422 2681 ut
441 2645 526 2682 alibi
546 2659 603 2693 ap.
624 2647 769 2689 Nostr.‚
796 2645 882 2687 sed,
908 2657 994 2682 cum
1007 2645 1182 2683 Romanis
1204 2661 1283 2689 μεσ.
1304 2644 1346 2681 iit
1359 2646 1498 2688 Africa,
1526 2644 1602 2691 fpr-

91 2694 259 2732 teetiam
279 2692 405 2736 India,
439 2693 504 2740 (cf.
525 2694 565 2732 in
587 2697 661 2733 hoc
687 2708 721 2732 v.
743 2699 790 2734 G.
811 2695 901 2739 Th.)
927 2693 1140 2737 nesciente,
1175 2706 1239 2731 cur
1261 2694 1395 2732 Noster
1422 2695 1502 2744 post
1529 2694 1603 2732 ’1113-

92 2743 147 2789 καὶ
168 2749 249 2784 MS.
266 2744 405 2782 iterum
422 2743 590 2793 posuerit
606 2761 707 2792 μισ.»
734 2757 821 2785 cum
838 2744 1043 2795 Aethiopes
1064 2744 1174 2784 etiam
1192 2742 1262 2783 lint
1279 2743 1426 2783 Africae
1446 2743 1602 2794 populi3
