<?xml version="1.0" encoding="UTF-8"?>
<!DOCTYPE html PUBLIC "-//W3C//DTD XHTML 1.0 Transitional//EN"
    "http://www.w3.org/TR/xhtml1/DTD/xhtml1-transitional.dtd">
<html xmlns="http://www.w3.org/1999/xhtml" xml:lang="en" lang="en">
 <head>
  <title>
</title>
<meta http-equiv="Content-Type" content="text/html;charset=utf-8" />
  <meta name='ocr-system' content='tesseract 3.04.00' />
  <meta name='ocr-capabilities' content='ocr_page ocr_carea ocr_par ocr_line ocrx_word'/>
</head>
<body>
  <div class='ocr_page' id='page_1' title='image "./historiarumlibri01hero_0737.png"; bbox 0 0 1772 3158; ppageno 0'>
   <div class='ocr_carea' id='block_1_1' title="bbox 173 142 1638 205">
    <p class='ocr_par' dir='ltr' id='par_1_1' title="bbox 173 142 1638 205">
     <span class='ocr_line' id='line_1_1' title="bbox 173 142 1638 205; baseline -0.008 -3"><span class='ocrx_word' id='word_1_1' title='bbox 173 153 403 202; x_wconf 88' lang='lat' dir='ltr'><strong>LIBERI.</strong></span> <span class='ocrx_word' id='word_1_2' title='bbox 442 150 699 198; x_wconf 75' lang='lat' dir='ltr'>CARXVI.</span> <span class='ocrx_word' id='word_1_3' title='bbox 738 150 793 194; x_wconf 89' lang='lat' dir='ltr'>A.</span> <span class='ocrx_word' id='word_1_4' title='bbox 816 147 873 194; x_wconf 91' lang='lat' dir='ltr'>V.</span> <span class='ocrx_word' id='word_1_5' title='bbox 896 148 944 192; x_wconf 90' lang='lat' dir='ltr'>C.</span> <span class='ocrx_word' id='word_1_6' title='bbox 975 156 1098 203; x_wconf 82' lang='lat'><strong>945.</strong></span> <span class='ocrx_word' id='word_1_7' title='bbox 1138 142 1277 193; x_wconf 85' lang='lat' dir='ltr'>CHR.</span> <span class='ocrx_word' id='word_1_8' title='bbox 1299 145 1357 194; x_wconf 92' lang='lat' dir='ltr'>N.</span> <span class='ocrx_word' id='word_1_9' title='bbox 1382 159 1497 203; x_wconf 80' lang='lat'>192.</span> <span class='ocrx_word' id='word_1_10' title='bbox 1539 146 1638 205; x_wconf 84' lang='lat'>675</span> 
     </span>
    </p>
   </div>
   <div class='ocr_carea' id='block_1_2' title="bbox 137 262 1648 410">
    <p class='ocr_par' dir='ltr' id='par_1_2' title="bbox 137 262 1648 410">
     <span class='ocr_line' id='line_1_2' title="bbox 204 262 1648 335; baseline -0.002 -17"><span class='ocrx_word' id='word_1_11' title='bbox 204 265 289 319; x_wconf 74' lang='grc' dir='ltr'>’Έδ</span> <span class='ocrx_word' id='word_1_12' title='bbox 292 288 326 316; x_wconf 84' lang='grc' dir='ltr'>ει</span> <span class='ocrx_word' id='word_1_13' title='bbox 344 262 394 317; x_wconf 63' lang='grc' dir='ltr'>δὲ</span> <span class='ocrx_word' id='word_1_14' title='bbox 406 264 499 335; x_wconf 67' lang='grc' dir='ltr'>ἄξει</span> <span class='ocrx_word' id='word_1_15' title='bbox 524 263 632 314; x_wconf 77' lang='grc' dir='ltr'><em>ποτὲ</em></span> <span class='ocrx_word' id='word_1_16' title='bbox 653 264 844 330; x_wconf 72' lang='grc' dir='ltr'><em>κᾴκεῖνον</em></span> <span class='ocrx_word' id='word_1_17' title='bbox 858 273 875 296; x_wconf 86' lang='lat' dir='ltr'>r</span> <span class='ocrx_word' id='word_1_18' title='bbox 981 265 1230 331; x_wconf 85' lang='lat' dir='ltr'><strong>Oportebat</strong></span> <span class='ocrx_word' id='word_1_19' title='bbox 1239 284 1345 328; x_wconf 83' lang='lat' dir='ltr'>ergo</span> <span class='ocrx_word' id='word_1_20' title='bbox 1358 266 1592 331; x_wconf 83' lang='lat' dir='ltr'>aliquando</span> <span class='ocrx_word' id='word_1_21' title='bbox 1605 278 1648 316; x_wconf 86' lang='lat' dir='ltr'>et</span> 
     </span>
     <span class='ocr_line' id='line_1_3' title="bbox 137 335 1646 410; baseline -0.001 -16"><span class='ocrx_word' id='word_1_22' title='bbox 137 343 425 405; x_wconf 63' lang='grc' dir='ltr'>παύσαιο-ἓως</span> <span class='ocrx_word' id='word_1_23' title='bbox 446 338 682 410; x_wconf 52' lang='lat' dir='ltr'>(affluxit-0⁶,</span> <span class='ocrx_word' id='word_1_24' title='bbox 707 339 782 388; x_wconf 74' lang='grc' dir='ltr'>καὶ</span> <span class='ocrx_word' id='word_1_25' title='bbox 803 335 874 394; x_wconf 62' lang='lat' dir='ltr'>viv</span> <span class='ocrx_word' id='word_1_26' title='bbox 909 341 1036 397; x_wconf 82' lang='lat' dir='ltr'>illum</span> <span class='ocrx_word' id='word_1_27' title='bbox 1059 337 1248 389; x_wconf 85' lang='lat' dir='ltr'>definere</span> <span class='ocrx_word' id='word_1_28' title='bbox 1269 343 1466 400; x_wconf 76' lang='lat' dir='ltr'>insanire,</span> <span class='ocrx_word' id='word_1_29' title='bbox 1498 356 1542 391; x_wconf 89' lang='lat' dir='ltr'>et</span> <span class='ocrx_word' id='word_1_30' title='bbox 1561 347 1646 392; x_wconf 86' lang='lat' dir='ltr'>Ro-</span> 
     </span>
    </p>
   </div>
   <div class='ocr_carea' id='block_1_3' title="bbox 229 459 1441 513">
    <p class='ocr_par' dir='ltr' id='par_1_3' title="bbox 229 459 1441 513">
     <span class='ocr_line' id='line_1_4' title="bbox 229 459 1441 513; baseline -0.005 -15"><span class='ocrx_word' id='word_1_31' title='bbox 229 467 260 513; x_wconf 81' lang='lat' dir='ltr'>r)</span> <span class='ocrx_word' id='word_1_32' title='bbox 283 466 359 498; x_wconf 85' lang='lat' dir='ltr'>Sine</span> <span class='ocrx_word' id='word_1_33' title='bbox 379 467 449 499; x_wconf 84' lang='lat' dir='ltr'>lota</span> <span class='ocrx_word' id='word_1_34' title='bbox 467 467 509 496; x_wconf 90' lang='lat' dir='ltr'>A.</span> <span class='ocrx_word' id='word_1_35' title='bbox 531 472 606 494; x_wconf 89' lang='lat' dir='ltr'>cum</span> <span class='ocrx_word' id='word_1_36' title='bbox 624 462 659 494; x_wconf 88' lang='grc' dir='ltr'>Β.</span> <span class='ocrx_word' id='word_1_37' title='bbox 672 470 703 494; x_wconf 88' lang='lat'>1.</span> <span class='ocrx_word' id='word_1_38' title='bbox 716 482 727 498; x_wconf 84' lang='lat'>,</span> <span class='ocrx_word' id='word_1_39' title='bbox 751 468 790 492; x_wconf 90' lang='lat' dir='ltr'>ut</span> <span class='ocrx_word' id='word_1_40' title='bbox 809 460 843 492; x_wconf 88' lang='lat' dir='ltr'>in</span> <span class='ocrx_word' id='word_1_41' title='bbox 861 459 907 502; x_wconf 83' lang='lat' dir='ltr'>sq.</span> <span class='ocrx_word' id='word_1_42' title='bbox 923 473 1026 499; x_wconf 68' lang='grc' dir='ltr'><strong><em>μεμην.</em></strong></span> <span class='ocrx_word' id='word_1_43' title='bbox 1044 459 1109 491; x_wconf 82' lang='lat' dir='ltr'>Ox.</span> <span class='ocrx_word' id='word_1_44' title='bbox 1123 466 1178 497; x_wconf 87' lang='lat'>1.,</span> <span class='ocrx_word' id='word_1_45' title='bbox 1210 459 1255 492; x_wconf 87' lang='lat' dir='ltr'>cf.</span> <span class='ocrx_word' id='word_1_46' title='bbox 1278 469 1307 497; x_wconf 88' lang='lat'>1,</span> <span class='ocrx_word' id='word_1_47' title='bbox 1327 470 1362 504; x_wconf 88' lang='lat'>9,</span> <span class='ocrx_word' id='word_1_48' title='bbox 1384 468 1441 502; x_wconf 88' lang='lat'>14.</span> 
     </span>
    </p>
   </div>
   <div class='ocr_carea' id='block_1_4' title="bbox 95 559 1652 2776">
    <p class='ocr_par' dir='ltr' id='par_1_4' title="bbox 95 559 1651 1989">
     <span class='ocr_line' id='line_1_5' title="bbox 134 559 1646 609; baseline -0.006 -2"><span class='ocrx_word' id='word_1_49' title='bbox 134 568 239 607; x_wconf 87' lang='lat' dir='ltr'>modi</span> <span class='ocrx_word' id='word_1_50' title='bbox 259 576 356 607; x_wconf 86' lang='lat' dir='ltr'>erat,</span> <span class='ocrx_word' id='word_1_51' title='bbox 383 574 426 600; x_wconf 86' lang='lat' dir='ltr'>ut</span> <span class='ocrx_word' id='word_1_52' title='bbox 445 562 605 599; x_wconf 76' lang='lat' dir='ltr'>vidimus</span> <span class='ocrx_word' id='word_1_53' title='bbox 625 575 680 609; x_wconf 86' lang='lat' dir='ltr'>ap.</span> <span class='ocrx_word' id='word_1_54' title='bbox 697 561 806 608; x_wconf 81' lang='lat' dir='ltr'>Xiph.</span> <span class='ocrx_word' id='word_1_55' title='bbox 821 585 832 602; x_wconf 90' lang='lat'>,</span> <span class='ocrx_word' id='word_1_56' title='bbox 867 560 913 596; x_wconf 89' lang='lat' dir='ltr'>cf.</span> <span class='ocrx_word' id='word_1_57' title='bbox 937 563 1082 608; x_wconf 82' lang='lat' dir='ltr'>Lampr.</span> <span class='ocrx_word' id='word_1_58' title='bbox 1105 572 1137 597; x_wconf 90' lang='lat' dir='ltr'>c.</span> <span class='ocrx_word' id='word_1_59' title='bbox 1160 573 1215 597; x_wconf 84' lang='lat' dir='ltr'>tr.</span> <span class='ocrx_word' id='word_1_60' title='bbox 1234 573 1267 596; x_wconf 89' lang='lat' dir='ltr'>e.</span> <span class='ocrx_word' id='word_1_61' title='bbox 1291 573 1325 608; x_wconf 89' lang='lat' dir='ltr'>p.</span> <span class='ocrx_word' id='word_1_62' title='bbox 1342 569 1422 605; x_wconf 78' lang='lat'><em>508.</em></span> <span class='ocrx_word' id='word_1_63' title='bbox 1446 572 1519 602; x_wconf 90' lang='lat' dir='ltr'>m.‚</span> <span class='ocrx_word' id='word_1_64' title='bbox 1552 559 1646 598; x_wconf 77' lang='lat' dir='ltr'>ficut</span> 
     </span>
     <span class='ocr_line' id='line_1_6' title="bbox 132 608 1647 666; baseline -0.001 -18"><span class='ocrx_word' id='word_1_65' title='bbox 132 619 234 666; x_wconf 75' lang='lat' dir='ltr'>plur,</span> <span class='ocrx_word' id='word_1_66' title='bbox 252 613 292 657; x_wconf 64' lang='grc' dir='ltr'>ἃς</span> <span class='ocrx_word' id='word_1_67' title='bbox 312 633 347 642; x_wconf 90' lang='lat'>—·</span> <span class='ocrx_word' id='word_1_68' title='bbox 363 627 510 659; x_wconf 65' lang='grc' dir='ltr'>προσηγ.</span> <span class='ocrx_word' id='word_1_69' title='bbox 535 611 718 652; x_wconf 81' lang='lat' dir='ltr'>sumetur,</span> <span class='ocrx_word' id='word_1_70' title='bbox 745 622 786 646; x_wconf 83' lang='lat' dir='ltr'>ur</span> <span class='ocrx_word' id='word_1_71' title='bbox 810 624 840 650; x_wconf 81' lang='grc' dir='ltr'>ι,</span> <span class='ocrx_word' id='word_1_72' title='bbox 867 623 922 655; x_wconf 85' lang='lat'>14,</span> <span class='ocrx_word' id='word_1_73' title='bbox 946 622 1001 654; x_wconf 90' lang='lat'>19.</span> <span class='ocrx_word' id='word_1_74' title='bbox 1022 610 1068 652; x_wconf 86' lang='lat' dir='ltr'>i.,</span> <span class='ocrx_word' id='word_1_75' title='bbox 1103 608 1291 646; x_wconf 87' lang='lat' dir='ltr'>adhibitus</span> <span class='ocrx_word' id='word_1_76' title='bbox 1312 610 1359 646; x_wconf 90' lang='lat' dir='ltr'>de</span> <span class='ocrx_word' id='word_1_77' title='bbox 1380 609 1552 646; x_wconf 86' lang='lat' dir='ltr'>universo</span> <span class='ocrx_word' id='word_1_78' title='bbox 1583 623 1647 658; x_wconf 84' lang='lat' dir='ltr'>ge-</span> 
     </span>
     <span class='ocr_line' id='line_1_7' title="bbox 132 659 1646 707; baseline -0.005 -4"><span class='ocrx_word' id='word_1_79' title='bbox 132 680 244 707; x_wconf 80' lang='lat' dir='ltr'>nere,</span> <span class='ocrx_word' id='word_1_80' title='bbox 279 662 343 700; x_wconf 72' lang='lat' dir='ltr'>etii</span> <span class='ocrx_word' id='word_1_81' title='bbox 361 673 504 698; x_wconf 77' lang='lat' dir='ltr'>tantum</span> <span class='ocrx_word' id='word_1_82' title='bbox 525 673 595 696; x_wconf 88' lang='lat' dir='ltr'>una</span> <span class='ocrx_word' id='word_1_83' title='bbox 619 672 674 695; x_wconf 89' lang='lat' dir='ltr'>res</span> <span class='ocrx_word' id='word_1_84' title='bbox 695 660 915 707; x_wconf 73' lang='lat' dir='ltr'>cogitanda,</span> <span class='ocrx_word' id='word_1_85' title='bbox 951 673 1016 706; x_wconf 87' lang='lat' dir='ltr'>pro</span> <span class='ocrx_word' id='word_1_86' title='bbox 1039 672 1118 695; x_wconf 88' lang='lat' dir='ltr'>non</span> <span class='ocrx_word' id='word_1_87' title='bbox 1146 659 1306 707; x_wconf 83' lang='lat' dir='ltr'>aliquem</span> <span class='ocrx_word' id='word_1_88' title='bbox 1333 660 1485 695; x_wconf 86' lang='lat' dir='ltr'>titulum</span> <span class='ocrx_word' id='word_1_89' title='bbox 1509 673 1553 695; x_wconf 79' lang='lat' dir='ltr'>ex</span> <span class='ocrx_word' id='word_1_90' title='bbox 1572 660 1646 695; x_wconf 81' lang='lat' dir='ltr'>illis</span> 
     </span>
     <span class='ocr_line' id='line_1_8' title="bbox 133 709 1647 761; baseline -0.005 -9"><span class='ocrx_word' id='word_1_91' title='bbox 133 711 383 761; x_wconf 79' lang='lat' dir='ltr'>imperatoriis</span> <span class='ocrx_word' id='word_1_92' title='bbox 411 722 451 746; x_wconf 93' lang='lat' dir='ltr'>et</span> <span class='ocrx_word' id='word_1_93' title='bbox 478 709 641 757; x_wconf 84' lang='lat' dir='ltr'>paternis</span> <span class='ocrx_word' id='word_1_94' title='bbox 666 709 836 745; x_wconf 70' lang='lat' dir='ltr'>subscribi</span> <span class='ocrx_word' id='word_1_95' title='bbox 867 709 980 750; x_wconf 47' lang='lat' dir='ltr'>inflia</span> <span class='ocrx_word' id='word_1_96' title='bbox 1023 709 1119 745; x_wconf 91' lang='lat' dir='ltr'>nihil</span> <span class='ocrx_word' id='word_1_97' title='bbox 1139 721 1183 745; x_wconf 90' lang='lat' dir='ltr'>ut</span> <span class='ocrx_word' id='word_1_98' title='bbox 1211 720 1336 744; x_wconf 87' lang='lat' dir='ltr'>curem</span> <span class='ocrx_word' id='word_1_99' title='bbox 1361 709 1647 756; x_wconf 72' lang='lat' dir='ltr'>repugnantiam</span> 
     </span>
     <span class='ocr_line' id='line_1_9' title="bbox 131 757 1648 806; baseline -0.003 -7"><span class='ocrx_word' id='word_1_100' title='bbox 131 762 256 802; x_wconf 82' lang='lat' dir='ltr'>Nostri</span> <span class='ocrx_word' id='word_1_101' title='bbox 281 773 365 797; x_wconf 93' lang='lat' dir='ltr'>cum</span> <span class='ocrx_word' id='word_1_102' title='bbox 387 760 468 796; x_wconf 88' lang='lat' dir='ltr'>aliis</span> <span class='ocrx_word' id='word_1_103' title='bbox 496 759 708 800; x_wconf 82' lang='lat' dir='ltr'>solennem,</span> <span class='ocrx_word' id='word_1_104' title='bbox 744 770 813 794; x_wconf 89' lang='lat' dir='ltr'>nec</span> <span class='ocrx_word' id='word_1_105' title='bbox 838 757 1047 794; x_wconf 72' lang='lat' dir='ltr'>libertatem</span> <span class='ocrx_word' id='word_1_106' title='bbox 1069 758 1104 793; x_wconf 87' lang='grc' dir='ltr'>Ρ.</span> <span class='ocrx_word' id='word_1_107' title='bbox 1124 758 1164 794; x_wconf 89' lang='lat' dir='ltr'>in</span> <span class='ocrx_word' id='word_1_108' title='bbox 1190 770 1287 798; x_wconf 83' lang='lat' dir='ltr'>„non</span> <span class='ocrx_word' id='word_1_109' title='bbox 1316 769 1411 806; x_wconf 86' lang='lat' dir='ltr'>quos</span> <span class='ocrx_word' id='word_1_110' title='bbox 1435 757 1648 805; x_wconf 60' lang='lat' dir='ltr'>confieaeffbt‘t</span> 
     </span>
     <span class='ocr_line' id='line_1_10' title="bbox 131 806 1646 859; baseline -0.005 -10"><span class='ocrx_word' id='word_1_111' title='bbox 131 816 193 859; x_wconf 90' lang='lat' dir='ltr'>(ut</span> <span class='ocrx_word' id='word_1_112' title='bbox 216 813 351 848; x_wconf 87' lang='lat' dir='ltr'>habent</span> <span class='ocrx_word' id='word_1_113' title='bbox 375 809 460 845; x_wconf 88' lang='lat' dir='ltr'>edd.</span> <span class='ocrx_word' id='word_1_114' title='bbox 479 820 611 844; x_wconf 84' lang='lat' dir='ltr'>omnes</span> <span class='ocrx_word' id='word_1_115' title='bbox 624 834 635 847; x_wconf 82' lang='lat'>‚</span> <span class='ocrx_word' id='word_1_116' title='bbox 670 817 815 853; x_wconf 87' lang='lat' dir='ltr'>praeter</span> <span class='ocrx_word' id='word_1_117' title='bbox 832 809 891 843; x_wconf 75' lang='lat' dir='ltr'>Bc.</span> <span class='ocrx_word' id='word_1_118' title='bbox 916 821 948 842; x_wconf 76' lang='lat'>2.</span> <span class='ocrx_word' id='word_1_119' title='bbox 968 806 1207 855; x_wconf 70' lang='lat' dir='ltr'>confiaeefflnt‚)</span> <span class='ocrx_word' id='word_1_120' title='bbox 1226 807 1270 842; x_wconf 87' lang='lat' dir='ltr'>ad</span> <span class='ocrx_word' id='word_1_121' title='bbox 1284 809 1535 844; x_wconf 83' lang='lat' dir='ltr'>Commodum</span> <span class='ocrx_word' id='word_1_122' title='bbox 1554 809 1646 843; x_wconf 85' lang='lat' dir='ltr'>rela-</span> 
     </span>
     <span class='ocr_line' id='line_1_11' title="bbox 133 855 1647 906; baseline -0.001 -12"><span class='ocrx_word' id='word_1_123' title='bbox 133 873 177 898; x_wconf 81' lang='lat' dir='ltr'>to</span> <span class='ocrx_word' id='word_1_124' title='bbox 197 874 232 896; x_wconf 83' lang='lat' dir='ltr'>v.</span> <span class='ocrx_word' id='word_1_125' title='bbox 250 863 363 900; x_wconf 61' lang='lat' dir='ltr'>eius..</span> <span class='ocrx_word' id='word_1_126' title='bbox 392 860 494 906; x_wconf 89' lang='lat' dir='ltr'>quod</span> <span class='ocrx_word' id='word_1_127' title='bbox 513 868 679 904; x_wconf 75' lang='lat' dir='ltr'>pertinet</span> <span class='ocrx_word' id='word_1_128' title='bbox 697 869 776 892; x_wconf 89' lang='lat' dir='ltr'>non</span> <span class='ocrx_word' id='word_1_129' title='bbox 793 868 866 892; x_wconf 84' lang='lat' dir='ltr'>tam</span> <span class='ocrx_word' id='word_1_130' title='bbox 884 856 928 892; x_wconf 86' lang='lat' dir='ltr'>ad</span> <span class='ocrx_word' id='word_1_131' title='bbox 953 869 1004 904; x_wconf 84' lang='lat' dir='ltr'>pr.</span> <span class='ocrx_word' id='word_1_132' title='bbox 1025 856 1197 900; x_wconf 68' lang='grc' dir='ltr'>Ῥωμαῖαι,</span> <span class='ocrx_word' id='word_1_133' title='bbox 1236 869 1345 903; x_wconf 86' lang='lat' dir='ltr'>quarn</span> <span class='ocrx_word' id='word_1_134' title='bbox 1372 856 1416 891; x_wconf 89' lang='lat' dir='ltr'>ad</span> <span class='ocrx_word' id='word_1_135' title='bbox 1437 855 1558 892; x_wconf 83' lang='lat' dir='ltr'>casum</span> <span class='ocrx_word' id='word_1_136' title='bbox 1580 857 1647 894; x_wconf 83' lang='lat' dir='ltr'>ali-</span> 
     </span>
     <span class='ocr_line' id='line_1_12' title="bbox 132 905 1647 960; baseline -0.003 -13"><span class='ocrx_word' id='word_1_137' title='bbox 132 923 248 960; x_wconf 88' lang='lat' dir='ltr'>quem</span> <span class='ocrx_word' id='word_1_138' title='bbox 269 911 447 945; x_wconf 83' lang='lat' dir='ltr'>latentem</span> <span class='ocrx_word' id='word_1_139' title='bbox 462 932 473 949; x_wconf 92' lang='lat'>,</span> <span class='ocrx_word' id='word_1_140' title='bbox 509 920 543 940; x_wconf 89' lang='lat' dir='ltr'>v.</span> <span class='ocrx_word' id='word_1_141' title='bbox 563 919 594 941; x_wconf 91' lang='lat' dir='ltr'>c.</span> <span class='ocrx_word' id='word_1_142' title='bbox 618 912 648 944; x_wconf 80' lang='grc' dir='ltr'>οἱ</span> <span class='ocrx_word' id='word_1_143' title='bbox 665 910 841 952; x_wconf 65' lang='grc' dir='ltr'><strong><em>βκσιλεῖς,</em></strong></span> <span class='ocrx_word' id='word_1_144' title='bbox 876 906 1063 953; x_wconf 80' lang='lat' dir='ltr'>habetque</span> <span class='ocrx_word' id='word_1_145' title='bbox 1090 918 1275 950; x_wconf 73' lang='lat' dir='ltr'>praeterea</span> <span class='ocrx_word' id='word_1_146' title='bbox 1303 905 1445 952; x_wconf 66' lang='lat' dir='ltr'>ellipsin</span> <span class='ocrx_word' id='word_1_147' title='bbox 1467 906 1537 940; x_wconf 84' lang='lat' dir='ltr'>inf.</span> <span class='ocrx_word' id='word_1_148' title='bbox 1562 905 1647 943; x_wconf 72' lang='grc' dir='ltr'><strong><em>ὖπο-</em></strong></span> 
     </span>
     <span class='ocr_line' id='line_1_13' title="bbox 132 953 1646 1006; baseline -0.004 -9"><span class='ocrx_word' id='word_1_149' title='bbox 132 964 278 1006; x_wconf 70' lang='grc' dir='ltr'>γράφειν</span> <span class='ocrx_word' id='word_1_150' title='bbox 296 972 317 994; x_wconf 89' lang='lat' dir='ltr'>e</span> <span class='ocrx_word' id='word_1_151' title='bbox 343 970 396 1005; x_wconf 86' lang='lat' dir='ltr'>pr.</span> <span class='ocrx_word' id='word_1_152' title='bbox 420 955 613 1003; x_wconf 89' lang='lat' dir='ltr'>particip.‚</span> <span class='ocrx_word' id='word_1_153' title='bbox 647 956 710 991; x_wconf 83' lang='lat' dir='ltr'>ubi</span> <span class='ocrx_word' id='word_1_154' title='bbox 732 956 791 990; x_wconf 59' lang='lat' dir='ltr'>Bb.</span> <span class='ocrx_word' id='word_1_155' title='bbox 811 957 890 992; x_wconf 82' lang='lat' dir='ltr'>lnd.</span> <span class='ocrx_word' id='word_1_156' title='bbox 918 967 1016 1001; x_wconf 79' lang='lat' dir='ltr'>„pro</span> <span class='ocrx_word' id='word_1_157' title='bbox 1035 959 1258 1000; x_wconf 56' lang='grc' dir='ltr'>ἐπιγράψας-ί(</span> <span class='ocrx_word' id='word_1_158' title='bbox 1285 954 1453 990; x_wconf 60' lang='lat' dir='ltr'>inductus</span> <span class='ocrx_word' id='word_1_159' title='bbox 1466 953 1646 991; x_wconf 87' lang='lat' dir='ltr'>forteillo</span> 
     </span>
     <span class='ocr_line' id='line_1_14' title="bbox 131 1002 1645 1052; baseline -0.003 -7"><span class='ocrx_word' id='word_1_160' title='bbox 131 1009 252 1046; x_wconf 87' lang='lat' dir='ltr'>Dion.</span> <span class='ocrx_word' id='word_1_161' title='bbox 274 1008 295 1042; x_wconf 90' lang='lat' dir='ltr'>l.</span> <span class='ocrx_word' id='word_1_162' title='bbox 309 1007 330 1041; x_wconf 94' lang='grc' dir='ltr'>Ι.</span> <span class='ocrx_word' id='word_1_163' title='bbox 350 1010 545 1051; x_wconf 66' lang='grc' dir='ltr'><strong><em>ἐπέγραψε,</em></strong></span> <span class='ocrx_word' id='word_1_164' title='bbox 572 1005 796 1040; x_wconf 82' lang='lat' dir='ltr'>variantibus</span> <span class='ocrx_word' id='word_1_165' title='bbox 810 1002 960 1051; x_wconf 87' lang='lat' dir='ltr'>quidem</span> <span class='ocrx_word' id='word_1_166' title='bbox 982 1016 1047 1050; x_wconf 87' lang='lat' dir='ltr'>per</span> <span class='ocrx_word' id='word_1_167' title='bbox 1065 1003 1100 1040; x_wconf 88' lang='lat' dir='ltr'>se</span> <span class='ocrx_word' id='word_1_168' title='bbox 1119 1017 1174 1051; x_wconf 89' lang='lat' dir='ltr'>pr.</span> <span class='ocrx_word' id='word_1_169' title='bbox 1192 1003 1258 1041; x_wconf 72' lang='grc' dir='ltr'>ὁτὲ</span> <span class='ocrx_word' id='word_1_170' title='bbox 1279 1015 1318 1039; x_wconf 90' lang='lat' dir='ltr'>et</span> <span class='ocrx_word' id='word_1_171' title='bbox 1335 1009 1387 1041; x_wconf 71' lang='grc' dir='ltr'>ἐπὶ</span> <span class='ocrx_word' id='word_1_172' title='bbox 1402 1003 1645 1052; x_wconf 82' lang='lat' dir='ltr'>confulisque</span> 
     </span>
     <span class='ocr_line' id='line_1_15' title="bbox 131 1053 1641 1099; baseline -0.003 -5"><span class='ocrx_word' id='word_1_173' title='bbox 131 1057 235 1097; x_wconf 82' lang='lat' dir='ltr'>alibi,</span> <span class='ocrx_word' id='word_1_174' title='bbox 261 1055 486 1093; x_wconf 88' lang='lat' dir='ltr'>nominatim</span> <span class='ocrx_word' id='word_1_175' title='bbox 501 1055 613 1090; x_wconf 86' lang='lat' dir='ltr'>etiam</span> <span class='ocrx_word' id='word_1_176' title='bbox 632 1055 670 1090; x_wconf 91' lang='lat' dir='ltr'>in</span> <span class='ocrx_word' id='word_1_177' title='bbox 690 1054 813 1089; x_wconf 89' lang='lat' dir='ltr'>nostro</span> <span class='ocrx_word' id='word_1_178' title='bbox 831 1066 864 1088; x_wconf 89' lang='lat' dir='ltr'>v.</span> <span class='ocrx_word' id='word_1_179' title='bbox 878 1065 930 1099; x_wconf 87' lang='lat' dir='ltr'>ap.</span> <span class='ocrx_word' id='word_1_180' title='bbox 943 1054 1023 1089; x_wconf 92' lang='lat' dir='ltr'>Ael.</span> <span class='ocrx_word' id='word_1_181' title='bbox 1039 1054 1078 1087; x_wconf 89' lang='lat' dir='ltr'>V.</span> <span class='ocrx_word' id='word_1_182' title='bbox 1091 1053 1128 1088; x_wconf 92' lang='lat' dir='ltr'>h.</span> <span class='ocrx_word' id='word_1_183' title='bbox 1147 1062 1201 1098; x_wconf 87' lang='lat'>13,</span> <span class='ocrx_word' id='word_1_184' title='bbox 1218 1067 1279 1098; x_wconf 81' lang='lat'>42.</span> <span class='ocrx_word' id='word_1_185' title='bbox 1302 1062 1430 1099; x_wconf 84' lang='lat' dir='ltr'>p.918.</span> <span class='ocrx_word' id='word_1_186' title='bbox 1444 1055 1477 1088; x_wconf 90' lang='lat' dir='ltr'>b.</span> <span class='ocrx_word' id='word_1_187' title='bbox 1491 1053 1538 1088; x_wconf 84' lang='lat' dir='ltr'>N.</span> <span class='ocrx_word' id='word_1_188' title='bbox 1557 1064 1641 1096; x_wconf 80' lang='lat' dir='ltr'>5.et</span> 
     </span>
     <span class='ocr_line' id='line_1_16' title="bbox 131 1101 1646 1150; baseline -0.003 -8"><span class='ocrx_word' id='word_1_189' title='bbox 131 1109 226 1145; x_wconf 85' lang='lat' dir='ltr'>Luc.</span> <span class='ocrx_word' id='word_1_190' title='bbox 248 1119 281 1146; x_wconf 89' lang='lat'>2,</span> <span class='ocrx_word' id='word_1_191' title='bbox 304 1117 387 1147; x_wconf 88' lang='lat'>227.</span> <span class='ocrx_word' id='word_1_192' title='bbox 407 1104 430 1140; x_wconf 80' lang='lat' dir='ltr'>l.</span> <span class='ocrx_word' id='word_1_193' title='bbox 445 1113 502 1144; x_wconf 79' lang='lat'>28.</span> <span class='ocrx_word' id='word_1_194' title='bbox 517 1127 527 1145; x_wconf 88' lang='lat'>,</span> <span class='ocrx_word' id='word_1_195' title='bbox 553 1102 615 1139; x_wconf 87' lang='lat' dir='ltr'>sed</span> <span class='ocrx_word' id='word_1_196' title='bbox 636 1102 695 1138; x_wconf 90' lang='lat' dir='ltr'>hic</span> <span class='ocrx_word' id='word_1_197' title='bbox 714 1114 799 1138; x_wconf 88' lang='lat' dir='ltr'>cum</span> <span class='ocrx_word' id='word_1_198' title='bbox 818 1101 920 1139; x_wconf 88' lang='lat' dir='ltr'>libris</span> <span class='ocrx_word' id='word_1_199' title='bbox 938 1101 1111 1138; x_wconf 90' lang='lat' dir='ltr'>omnibus</span> <span class='ocrx_word' id='word_1_200' title='bbox 1133 1103 1352 1138; x_wconf 81' lang='lat' dir='ltr'>ostendente</span> <span class='ocrx_word' id='word_1_201' title='bbox 1375 1103 1410 1136; x_wconf 87' lang='lat' dir='ltr'>P.</span> <span class='ocrx_word' id='word_1_202' title='bbox 1433 1104 1528 1150; x_wconf 84' lang='lat' dir='ltr'>vulg.</span> <span class='ocrx_word' id='word_1_203' title='bbox 1545 1127 1556 1143; x_wconf 86' lang='lat'>,</span> <span class='ocrx_word' id='word_1_204' title='bbox 1591 1114 1646 1140; x_wconf 85' lang='lat' dir='ltr'>at-</span> 
     </span>
     <span class='ocr_line' id='line_1_17' title="bbox 133 1149 1648 1204; baseline -0.003 -12"><span class='ocrx_word' id='word_1_205' title='bbox 133 1168 211 1204; x_wconf 85' lang='lat' dir='ltr'>que</span> <span class='ocrx_word' id='word_1_206' title='bbox 229 1155 343 1192; x_wconf 86' lang='lat' dir='ltr'>etiam</span> <span class='ocrx_word' id='word_1_207' title='bbox 365 1154 509 1199; x_wconf 85' lang='lat' dir='ltr'>Lampr.</span> <span class='ocrx_word' id='word_1_208' title='bbox 528 1152 590 1188; x_wconf 91' lang='lat' dir='ltr'>l.l.</span> <span class='ocrx_word' id='word_1_209' title='bbox 604 1178 615 1194; x_wconf 92' lang='lat'>,</span> <span class='ocrx_word' id='word_1_210' title='bbox 640 1152 689 1187; x_wconf 86' lang='lat' dir='ltr'>cf.</span> <span class='ocrx_word' id='word_1_211' title='bbox 710 1152 829 1188; x_wconf 81' lang='lat' dir='ltr'>Thuc.</span> <span class='ocrx_word' id='word_1_212' title='bbox 850 1161 932 1198; x_wconf 81' lang='lat'>352,</span> <span class='ocrx_word' id='word_1_213' title='bbox 952 1165 1011 1195; x_wconf 90' lang='lat'>77.</span> <span class='ocrx_word' id='word_1_214' title='bbox 1025 1176 1034 1191; x_wconf 90' lang='lat'>,</span> <span class='ocrx_word' id='word_1_215' title='bbox 1062 1149 1123 1186; x_wconf 87' lang='lat' dir='ltr'>sed</span> <span class='ocrx_word' id='word_1_216' title='bbox 1142 1151 1187 1186; x_wconf 89' lang='lat' dir='ltr'>ad</span> <span class='ocrx_word' id='word_1_217' title='bbox 1198 1151 1279 1196; x_wconf 86' lang='lat' dir='ltr'>Stp.</span> <span class='ocrx_word' id='word_1_218' title='bbox 1299 1151 1371 1186; x_wconf 86' lang='lat' dir='ltr'>Th.</span> <span class='ocrx_word' id='word_1_219' title='bbox 1386 1150 1425 1187; x_wconf 88' lang='lat' dir='ltr'>in</span> <span class='ocrx_word' id='word_1_220' title='bbox 1444 1150 1548 1187; x_wconf 85' lang='lat' dir='ltr'>subst.</span> <span class='ocrx_word' id='word_1_221' title='bbox 1562 1159 1648 1198; x_wconf 77' lang='grc' dir='ltr'><strong><em>βασ.</em></strong></span> 
     </span>
     <span class='ocr_line' id='line_1_18' title="bbox 131 1201 1644 1248; baseline -0.005 -6"><span class='ocrx_word' id='word_1_222' title='bbox 131 1206 210 1242; x_wconf 83' lang='lat' dir='ltr'>fine</span> <span class='ocrx_word' id='word_1_223' title='bbox 230 1203 376 1241; x_wconf 68' lang='lat' dir='ltr'>auam</span> <span class='ocrx_word' id='word_1_224' title='bbox 398 1204 485 1238; x_wconf 87' lang='lat' dir='ltr'>Luc.</span> <span class='ocrx_word' id='word_1_225' title='bbox 507 1212 539 1247; x_wconf 87' lang='lat'>3,</span> <span class='ocrx_word' id='word_1_226' title='bbox 558 1213 615 1247; x_wconf 81' lang='lat'>47.</span> <span class='ocrx_word' id='word_1_227' title='bbox 644 1201 669 1237; x_wconf 93' lang='grc' dir='ltr'>Ι.</span> <span class='ocrx_word' id='word_1_228' title='bbox 691 1206 750 1237; x_wconf 87' lang='lat'>62.</span> <span class='ocrx_word' id='word_1_229' title='bbox 780 1212 866 1236; x_wconf 88' lang='lat' dir='ltr'>cum</span> <span class='ocrx_word' id='word_1_230' title='bbox 887 1201 965 1236; x_wconf 87' lang='lat' dir='ltr'>lnd.</span> <span class='ocrx_word' id='word_1_231' title='bbox 985 1201 1104 1246; x_wconf 84' lang='lat' dir='ltr'>Geop.</span> <span class='ocrx_word' id='word_1_232' title='bbox 1121 1224 1132 1241; x_wconf 90' lang='lat'>‚</span> <span class='ocrx_word' id='word_1_233' title='bbox 1174 1210 1217 1235; x_wconf 86' lang='lat' dir='ltr'>ut</span> <span class='ocrx_word' id='word_1_234' title='bbox 1233 1202 1297 1248; x_wconf 81' lang='lat' dir='ltr'>Bg.</span> <span class='ocrx_word' id='word_1_235' title='bbox 1319 1212 1340 1234; x_wconf 91' lang='lat' dir='ltr'>e</span> <span class='ocrx_word' id='word_1_236' title='bbox 1358 1201 1397 1234; x_wconf 86' lang='lat' dir='ltr'>P.</span> <span class='ocrx_word' id='word_1_237' title='bbox 1416 1212 1473 1246; x_wconf 86' lang='lat' dir='ltr'>ap.</span> <span class='ocrx_word' id='word_1_238' title='bbox 1496 1201 1545 1236; x_wconf 87' lang='lat' dir='ltr'>G.</span> <span class='ocrx_word' id='word_1_239' title='bbox 1571 1201 1644 1238; x_wconf 84' lang='lat' dir='ltr'>Th.</span> 
     </span>
     <span class='ocr_line' id='line_1_19' title="bbox 132 1247 1648 1297; baseline -0.002 -8"><span class='ocrx_word' id='word_1_240' title='bbox 132 1256 204 1291; x_wconf 84' lang='lat' dir='ltr'>Nr.</span> <span class='ocrx_word' id='word_1_241' title='bbox 228 1267 261 1297; x_wconf 89' lang='lat'>4.</span> <span class='ocrx_word' id='word_1_242' title='bbox 289 1252 434 1292; x_wconf 82' lang='lat' dir='ltr'>‚‚tituli‚</span> <span class='ocrx_word' id='word_1_243' title='bbox 454 1271 491 1279; x_wconf 90' lang='lat'>—-</span> <span class='ocrx_word' id='word_1_244' title='bbox 509 1247 739 1286; x_wconf 83' lang='lat' dir='ltr'>honorificae</span> <span class='ocrx_word' id='word_1_245' title='bbox 762 1248 846 1286; x_wconf 86' lang='lat' dir='ltr'>illae</span> <span class='ocrx_word' id='word_1_246' title='bbox 865 1249 1135 1296; x_wconf 83' lang='lat' dir='ltr'>appellationes</span> <span class='ocrx_word' id='word_1_247' title='bbox 1156 1260 1195 1284; x_wconf 90' lang='lat' dir='ltr'>et</span> <span class='ocrx_word' id='word_1_248' title='bbox 1214 1248 1339 1285; x_wconf 89' lang='lat' dir='ltr'>laudes</span> <span class='ocrx_word' id='word_1_249' title='bbox 1366 1249 1407 1285; x_wconf 87' lang='lat' dir='ltr'>in</span> <span class='ocrx_word' id='word_1_250' title='bbox 1428 1249 1648 1296; x_wconf 84' lang='lat' dir='ltr'>inscriptio-</span> 
     </span>
     <span class='ocr_line' id='line_1_20' title="bbox 131 1290 1648 1345; baseline -0.003 -5"><span class='ocrx_word' id='word_1_251' title='bbox 131 1303 245 1340; x_wconf 84' lang='lat' dir='ltr'>nibus</span> <span class='ocrx_word' id='word_1_252' title='bbox 263 1301 490 1338; x_wconf 81' lang='lat' dir='ltr'>statuarum“</span> <span class='ocrx_word' id='word_1_253' title='bbox 519 1311 603 1335; x_wconf 91' lang='lat' dir='ltr'>cum</span> <span class='ocrx_word' id='word_1_254' title='bbox 634 1311 672 1336; x_wconf 86' lang='lat' dir='ltr'>et</span> <span class='ocrx_word' id='word_1_255' title='bbox 698 1297 892 1335; x_wconf 84' lang='lat' dir='ltr'>suffeciss&#39;et</span> <span class='ocrx_word' id='word_1_256' title='bbox 913 1290 1107 1334; x_wconf 62' lang='lat' dir='ltr'>nothinibus</span> <span class='ocrx_word' id='word_1_257' title='bbox 1135 1297 1159 1334; x_wconf 91' lang='lat' dir='ltr'>s.</span> <span class='ocrx_word' id='word_1_258' title='bbox 1178 1298 1458 1345; x_wconf 78' lang='lat' dir='ltr'>cognominibus,</span> <span class='ocrx_word' id='word_1_259' title='bbox 1498 1299 1543 1334; x_wconf 90' lang='lat' dir='ltr'>ab</span> <span class='ocrx_word' id='word_1_260' title='bbox 1574 1306 1648 1335; x_wconf 69' lang='lat' dir='ltr'>&gt;oc</span> 
     </span>
     <span class='ocr_line' id='line_1_21' title="bbox 129 1345 1646 1398; baseline -0.002 -9"><span class='ocrx_word' id='word_1_261' title='bbox 129 1353 239 1390; x_wconf 76' lang='lat' dir='ltr'>subst.</span> <span class='ocrx_word' id='word_1_262' title='bbox 261 1351 450 1398; x_wconf 87' lang='lat' dir='ltr'>pendente</span> <span class='ocrx_word' id='word_1_263' title='bbox 468 1348 580 1384; x_wconf 84' lang='lat' dir='ltr'>etiam</span> <span class='ocrx_word' id='word_1_264' title='bbox 602 1359 684 1396; x_wconf 79' lang='lat' dir='ltr'>gen.</span> <span class='ocrx_word' id='word_1_265' title='bbox 701 1348 780 1396; x_wconf 85' lang='lat' dir='ltr'>sqq.</span> <span class='ocrx_word' id='word_1_266' title='bbox 803 1356 902 1394; x_wconf 70' lang='grc' dir='ltr'>Γεςμ.</span> <span class='ocrx_word' id='word_1_267' title='bbox 925 1359 963 1384; x_wconf 91' lang='lat' dir='ltr'>et</span> <span class='ocrx_word' id='word_1_268' title='bbox 983 1362 1109 1390; x_wconf 71' lang='grc' dir='ltr'><strong><em>νικησ..</em></strong></span> <span class='ocrx_word' id='word_1_269' title='bbox 1135 1349 1237 1394; x_wconf 86' lang='lat' dir='ltr'>quod</span> <span class='ocrx_word' id='word_1_270' title='bbox 1250 1345 1417 1394; x_wconf 84' lang='lat' dir='ltr'>particip.</span> <span class='ocrx_word' id='word_1_271' title='bbox 1434 1347 1566 1384; x_wconf 86' lang='lat' dir='ltr'>iterum</span> <span class='ocrx_word' id='word_1_272' title='bbox 1580 1351 1646 1398; x_wconf 82' lang='lat' dir='ltr'>Bg.</span> 
     </span>
     <span class='ocr_line' id='line_1_22' title="bbox 130 1396 1647 1444; baseline -0.004 -7"><span class='ocrx_word' id='word_1_273' title='bbox 130 1414 155 1439; x_wconf 81' lang='lat' dir='ltr'>e</span> <span class='ocrx_word' id='word_1_274' title='bbox 173 1403 212 1437; x_wconf 71' lang='grc' dir='ltr'>Ι).</span> <span class='ocrx_word' id='word_1_275' title='bbox 231 1410 348 1436; x_wconf 85' lang='lat' dir='ltr'>mutat</span> <span class='ocrx_word' id='word_1_276' title='bbox 365 1399 406 1435; x_wconf 88' lang='lat' dir='ltr'>in</span> <span class='ocrx_word' id='word_1_277' title='bbox 429 1398 554 1438; x_wconf 81' lang='lat' dir='ltr'>subst.‚</span> <span class='ocrx_word' id='word_1_278' title='bbox 581 1397 785 1433; x_wconf 85' lang='lat' dir='ltr'>omittente</span> <span class='ocrx_word' id='word_1_279' title='bbox 803 1397 940 1432; x_wconf 83' lang='lat' dir='ltr'>Nostro</span> <span class='ocrx_word' id='word_1_280' title='bbox 961 1398 1034 1433; x_wconf 85' lang='lat' dir='ltr'>duo</span> <span class='ocrx_word' id='word_1_281' title='bbox 1056 1409 1182 1444; x_wconf 57' lang='lat' dir='ltr'>pron„</span> <span class='ocrx_word' id='word_1_282' title='bbox 1209 1399 1312 1432; x_wconf 74' lang='grc' dir='ltr'><strong><em>αὐτοῦ</em></strong></span> <span class='ocrx_word' id='word_1_283' title='bbox 1332 1396 1375 1431; x_wconf 90' lang='lat' dir='ltr'>ad</span> <span class='ocrx_word' id='word_1_284' title='bbox 1395 1403 1518 1443; x_wconf 74' lang='grc' dir='ltr'><em>βάσει,</em></span> <span class='ocrx_word' id='word_1_285' title='bbox 1545 1410 1566 1434; x_wconf 92' lang='lat' dir='ltr'>e</span> <span class='ocrx_word' id='word_1_286' title='bbox 1588 1410 1647 1444; x_wconf 88' lang='lat' dir='ltr'>pr.</span> 
     </span>
     <span class='ocr_line' id='line_1_23' title="bbox 130 1442 1648 1495; baseline -0.005 -9"><span class='ocrx_word' id='word_1_287' title='bbox 130 1455 282 1495; x_wconf 70' lang='grc' dir='ltr'><strong><em>ἂγαλμ.,</em></strong></span> <span class='ocrx_word' id='word_1_288' title='bbox 311 1459 350 1484; x_wconf 89' lang='lat' dir='ltr'>et</span> <span class='ocrx_word' id='word_1_289' title='bbox 373 1444 504 1488; x_wconf 76' lang='grc' dir='ltr'><em>ταύτας</em></span> <span class='ocrx_word' id='word_1_290' title='bbox 527 1458 612 1483; x_wconf 86' lang='lat' dir='ltr'>ante</span> <span class='ocrx_word' id='word_1_291' title='bbox 632 1442 689 1487; x_wconf 57' lang='grc' dir='ltr'>ἃς,</span> <span class='ocrx_word' id='word_1_292' title='bbox 717 1446 795 1492; x_wconf 85' lang='lat' dir='ltr'>post</span> <span class='ocrx_word' id='word_1_293' title='bbox 814 1446 917 1494; x_wconf 87' lang='lat' dir='ltr'>quod</span> <span class='ocrx_word' id='word_1_294' title='bbox 940 1458 1046 1493; x_wconf 88' lang='lat' dir='ltr'>pron.</span> <span class='ocrx_word' id='word_1_295' title='bbox 1071 1446 1174 1481; x_wconf 83' lang='lat' dir='ltr'>relat.</span> <span class='ocrx_word' id='word_1_296' title='bbox 1194 1446 1329 1481; x_wconf 87' lang='lat' dir='ltr'>iterum</span> <span class='ocrx_word' id='word_1_297' title='bbox 1348 1445 1415 1481; x_wconf 87' lang='lat' dir='ltr'>stat</span> <span class='ocrx_word' id='word_1_298' title='bbox 1432 1447 1537 1483; x_wconf 83' lang='lat' dir='ltr'>subst.</span> <span class='ocrx_word' id='word_1_299' title='bbox 1560 1459 1648 1484; x_wconf 83' lang='lat' dir='ltr'>cum</span> 
     </span>
     <span class='ocr_line' id='line_1_24' title="bbox 131 1493 1646 1545; baseline -0.003 -10"><span class='ocrx_word' id='word_1_300' title='bbox 131 1498 205 1537; x_wconf 64' lang='lat' dir='ltr'>adi.</span> <span class='ocrx_word' id='word_1_301' title='bbox 225 1499 350 1545; x_wconf 55' lang='lat' dir='ltr'>aluph,</span> <span class='ocrx_word' id='word_1_302' title='bbox 380 1509 446 1544; x_wconf 84' lang='lat' dir='ltr'>pro</span> <span class='ocrx_word' id='word_1_303' title='bbox 465 1499 502 1531; x_wconf 75' lang='grc' dir='ltr'>οὐ</span> <span class='ocrx_word' id='word_1_304' title='bbox 521 1503 600 1542; x_wconf 71' lang='grc' dir='ltr'>βκσ.</span> <span class='ocrx_word' id='word_1_305' title='bbox 617 1513 646 1533; x_wconf 81' lang='grc' dir='ltr'>κ.</span> <span class='ocrx_word' id='word_1_306' title='bbox 663 1512 701 1532; x_wconf 76' lang='grc' dir='ltr'>π.</span> <span class='ocrx_word' id='word_1_307' title='bbox 720 1512 798 1542; x_wconf 50' lang='grc' dir='ltr'>πμ,</span> <span class='ocrx_word' id='word_1_308' title='bbox 827 1493 866 1538; x_wconf 62' lang='grc' dir='ltr'>ἒς</span> <span class='ocrx_word' id='word_1_309' title='bbox 887 1499 998 1537; x_wconf 65' lang='lat' dir='ltr'>siw9,;</span> <span class='ocrx_word' id='word_1_310' title='bbox 1035 1496 1073 1532; x_wconf 79' lang='lat' dir='ltr'>in</span> <span class='ocrx_word' id='word_1_311' title='bbox 1093 1493 1215 1539; x_wconf 69' lang='lat' dir='ltr'>Nostri</span> <span class='ocrx_word' id='word_1_312' title='bbox 1236 1495 1369 1531; x_wconf 77' lang='lat' dir='ltr'>ordine</span> <span class='ocrx_word' id='word_1_313' title='bbox 1395 1497 1471 1539; x_wconf 86' lang='lat' dir='ltr'>(ubi</span> <span class='ocrx_word' id='word_1_314' title='bbox 1494 1507 1532 1532; x_wconf 82' lang='lat' dir='ltr'>et</span> <span class='ocrx_word' id='word_1_315' title='bbox 1556 1508 1646 1539; x_wconf 62' lang='lat' dir='ltr'>nez.</span> 
     </span>
     <span class='ocr_line' id='line_1_25' title="bbox 131 1538 1647 1595; baseline -0.003 -10"><span class='ocrx_word' id='word_1_316' title='bbox 131 1552 199 1594; x_wconf 76' lang='grc' dir='ltr'>οὐχ</span> <span class='ocrx_word' id='word_1_317' title='bbox 218 1546 373 1595; x_wconf 77' lang='lat' dir='ltr'>ponitur</span> <span class='ocrx_word' id='word_1_318' title='bbox 396 1545 474 1592; x_wconf 83' lang='lat' dir='ltr'>post</span> <span class='ocrx_word' id='word_1_319' title='bbox 494 1559 528 1581; x_wconf 87' lang='grc' dir='ltr'>ν.</span> <span class='ocrx_word' id='word_1_320' title='bbox 554 1543 676 1590; x_wconf 58' lang='lat' dir='ltr'>{no-74².</span> <span class='ocrx_word' id='word_1_321' title='bbox 704 1556 744 1580; x_wconf 86' lang='lat' dir='ltr'>et</span> <span class='ocrx_word' id='word_1_322' title='bbox 765 1548 933 1591; x_wconf 78' lang='lat' dir='ltr'>proxime</span> <span class='ocrx_word' id='word_1_323' title='bbox 958 1557 1046 1581; x_wconf 87' lang='lat' dir='ltr'>ante</span> <span class='ocrx_word' id='word_1_324' title='bbox 1068 1557 1176 1593; x_wconf 87' lang='lat' dir='ltr'>pron.</span> <span class='ocrx_word' id='word_1_325' title='bbox 1199 1545 1300 1580; x_wconf 78' lang='lat' dir='ltr'>relat.</span> <span class='ocrx_word' id='word_1_326' title='bbox 1315 1569 1325 1585; x_wconf 94' lang='lat'>,</span> <span class='ocrx_word' id='word_1_327' title='bbox 1367 1557 1408 1581; x_wconf 90' lang='lat' dir='ltr'>ut</span> <span class='ocrx_word' id='word_1_328' title='bbox 1430 1544 1541 1586; x_wconf 85' lang='lat' dir='ltr'>alibi,</span> <span class='ocrx_word' id='word_1_329' title='bbox 1577 1538 1647 1592; x_wconf 70' lang='lat' dir='ltr'>pfo</span> 
     </span>
     <span class='ocr_line' id='line_1_26' title="bbox 132 1593 1649 1642; baseline -0.003 -8"><span class='ocrx_word' id='word_1_330' title='bbox 132 1601 201 1642; x_wconf 75' lang='grc' dir='ltr'>οὐχ</span> <span class='ocrx_word' id='word_1_331' title='bbox 219 1596 344 1641; x_wconf 70' lang='grc' dir='ltr'><em>ὖπσγς.</em></span> <span class='ocrx_word' id='word_1_332' title='bbox 363 1601 416 1641; x_wconf 75' lang='grc' dir='ltr'>λ.)</span> <span class='ocrx_word' id='word_1_333' title='bbox 434 1607 474 1630; x_wconf 89' lang='lat' dir='ltr'>ut</span> <span class='ocrx_word' id='word_1_334' title='bbox 494 1595 712 1642; x_wconf 81' lang='lat' dir='ltr'>ponendum</span> <span class='ocrx_word' id='word_1_335' title='bbox 732 1593 773 1630; x_wconf 78' lang='lat' dir='ltr'>fit</span> <span class='ocrx_word' id='word_1_336' title='bbox 790 1606 933 1629; x_wconf 89' lang='lat' dir='ltr'>comma</span> <span class='ocrx_word' id='word_1_337' title='bbox 956 1607 1034 1630; x_wconf 82' lang='lat' dir='ltr'>non</span> <span class='ocrx_word' id='word_1_338' title='bbox 1059 1607 1133 1630; x_wconf 88' lang='lat' dir='ltr'>tam</span> <span class='ocrx_word' id='word_1_339' title='bbox 1154 1606 1235 1628; x_wconf 90' lang='lat' dir='ltr'>cum</span> <span class='ocrx_word' id='word_1_340' title='bbox 1258 1594 1340 1630; x_wconf 90' lang='lat' dir='ltr'>edd.</span> <span class='ocrx_word' id='word_1_341' title='bbox 1364 1595 1585 1642; x_wconf 86' lang='lat' dir='ltr'>quibusdam</span> <span class='ocrx_word' id='word_1_342' title='bbox 1609 1606 1649 1630; x_wconf 88' lang='lat' dir='ltr'>et</span> 
     </span>
     <span class='ocr_line' id='line_1_27' title="bbox 131 1642 1650 1692; baseline 0 -11"><span class='ocrx_word' id='word_1_343' title='bbox 131 1647 205 1683; x_wconf 90' lang='lat' dir='ltr'>Ms.</span> <span class='ocrx_word' id='word_1_344' title='bbox 224 1649 286 1692; x_wconf 72' lang='lat' dir='ltr'>Bg.</span> <span class='ocrx_word' id='word_1_345' title='bbox 308 1644 385 1690; x_wconf 86' lang='lat' dir='ltr'>post</span> <span class='ocrx_word' id='word_1_346' title='bbox 402 1650 526 1688; x_wconf 71' lang='grc' dir='ltr'><em>βάσει,</em></span> <span class='ocrx_word' id='word_1_347' title='bbox 561 1656 670 1688; x_wconf 86' lang='lat' dir='ltr'>quam</span> <span class='ocrx_word' id='word_1_348' title='bbox 694 1642 773 1689; x_wconf 89' lang='lat' dir='ltr'>post</span> <span class='ocrx_word' id='word_1_349' title='bbox 799 1646 886 1688; x_wconf 76' lang='grc' dir='ltr'>οὔχ,</span> <span class='ocrx_word' id='word_1_350' title='bbox 919 1644 1029 1679; x_wconf 87' lang='lat' dir='ltr'>etiam</span> <span class='ocrx_word' id='word_1_351' title='bbox 1051 1643 1131 1689; x_wconf 85' lang='lat' dir='ltr'>post</span> <span class='ocrx_word' id='word_1_352' title='bbox 1152 1645 1241 1680; x_wconf 58' lang='lat' dir='ltr'>sta-9.</span> <span class='ocrx_word' id='word_1_353' title='bbox 1256 1668 1266 1682; x_wconf 82' lang='lat'>‚</span> <span class='ocrx_word' id='word_1_354' title='bbox 1291 1642 1315 1678; x_wconf 87' lang='lat' dir='ltr'>fi</span> <span class='ocrx_word' id='word_1_355' title='bbox 1336 1643 1419 1691; x_wconf 83' lang='lat' dir='ltr'>quis</span> <span class='ocrx_word' id='word_1_356' title='bbox 1436 1644 1535 1680; x_wconf 68' lang='lat' dir='ltr'>nolit</span> <span class='ocrx_word' id='word_1_357' title='bbox 1554 1643 1650 1681; x_wconf 83' lang='lat' dir='ltr'>illud</span> 
     </span>
     <span class='ocr_line' id='line_1_28' title="bbox 134 1691 1649 1741; baseline -0.002 -11"><span class='ocrx_word' id='word_1_358' title='bbox 134 1694 358 1740; x_wconf 84' lang='lat' dir='ltr'>exquilitum</span> <span class='ocrx_word' id='word_1_359' title='bbox 381 1704 498 1741; x_wconf 77' lang='lat' dir='ltr'>genus</span> <span class='ocrx_word' id='word_1_360' title='bbox 523 1692 561 1727; x_wconf 89' lang='lat' dir='ltr'>in</span> <span class='ocrx_word' id='word_1_361' title='bbox 584 1692 710 1732; x_wconf 88' lang='lat' dir='ltr'>subst.,</span> <span class='ocrx_word' id='word_1_362' title='bbox 749 1694 830 1738; x_wconf 86' lang='lat' dir='ltr'>post</span> <span class='ocrx_word' id='word_1_363' title='bbox 858 1705 965 1739; x_wconf 89' lang='lat' dir='ltr'>pron.</span> <span class='ocrx_word' id='word_1_364' title='bbox 986 1691 1125 1738; x_wconf 78' lang='lat' dir='ltr'>pofit03</span> <span class='ocrx_word' id='word_1_365' title='bbox 1161 1692 1254 1727; x_wconf 84' lang='lat' dir='ltr'>ficut</span> <span class='ocrx_word' id='word_1_366' title='bbox 1280 1704 1425 1727; x_wconf 88' lang='lat' dir='ltr'>comma</span> <span class='ocrx_word' id='word_1_367' title='bbox 1448 1693 1525 1740; x_wconf 88' lang='lat' dir='ltr'>post</span> <span class='ocrx_word' id='word_1_368' title='bbox 1545 1703 1649 1739; x_wconf 67' lang='grc' dir='ltr'><strong><em>Γεςμ.</em></strong></span> 
     </span>
     <span class='ocr_line' id='line_1_29' title="bbox 135 1739 1650 1790; baseline 0 -11"><span class='ocrx_word' id='word_1_369' title='bbox 135 1743 261 1779; x_wconf 85' lang='lat' dir='ltr'>omitti</span> <span class='ocrx_word' id='word_1_370' title='bbox 282 1744 420 1790; x_wconf 77' lang='lat' dir='ltr'>potest,</span> <span class='ocrx_word' id='word_1_371' title='bbox 448 1751 487 1776; x_wconf 87' lang='lat' dir='ltr'>et</span> <span class='ocrx_word' id='word_1_372' title='bbox 506 1754 604 1777; x_wconf 91' lang='lat' dir='ltr'>error</span> <span class='ocrx_word' id='word_1_373' title='bbox 623 1740 664 1777; x_wconf 89' lang='lat' dir='ltr'>in</span> <span class='ocrx_word' id='word_1_374' title='bbox 685 1741 752 1776; x_wconf 85' lang='lat' dir='ltr'>Ms.</span> <span class='ocrx_word' id='word_1_375' title='bbox 772 1756 886 1785; x_wconf 82' lang='grc' dir='ltr'><strong><em>μονομ-</em></strong></span> <span class='ocrx_word' id='word_1_376' title='bbox 909 1741 1122 1778; x_wconf 79' lang='lat' dir='ltr'>manifestus</span> <span class='ocrx_word' id='word_1_377' title='bbox 1141 1740 1211 1781; x_wconf 89' lang='lat' dir='ltr'>est,</span> <span class='ocrx_word' id='word_1_378' title='bbox 1235 1739 1308 1776; x_wconf 78' lang='lat' dir='ltr'>five</span> <span class='ocrx_word' id='word_1_379' title='bbox 1328 1752 1371 1777; x_wconf 90' lang='lat' dir='ltr'>ut</span> <span class='ocrx_word' id='word_1_380' title='bbox 1388 1741 1513 1778; x_wconf 82' lang='lat' dir='ltr'>littera</span> <span class='ocrx_word' id='word_1_381' title='bbox 1528 1758 1544 1783; x_wconf 85' lang='grc' dir='ltr'><em>ς</em></span> <span class='ocrx_word' id='word_1_382' title='bbox 1567 1756 1650 1779; x_wconf 88' lang='lat' dir='ltr'>mu-</span> 
     </span>
     <span class='ocr_line' id='line_1_30' title="bbox 134 1789 1650 1838; baseline -0.001 -10"><span class='ocrx_word' id='word_1_383' title='bbox 134 1804 210 1830; x_wconf 87' lang='lat' dir='ltr'>tata</span> <span class='ocrx_word' id='word_1_384' title='bbox 230 1790 273 1828; x_wconf 83' lang='lat' dir='ltr'>fit</span> <span class='ocrx_word' id='word_1_385' title='bbox 291 1793 330 1827; x_wconf 90' lang='lat' dir='ltr'>in</span> <span class='ocrx_word' id='word_1_386' title='bbox 349 1802 515 1830; x_wconf 88' lang='lat' dir='ltr'>comma,</span> <span class='ocrx_word' id='word_1_387' title='bbox 542 1789 639 1830; x_wconf 69' lang='lat' dir='ltr'>five,</span> <span class='ocrx_word' id='word_1_388' title='bbox 659 1802 744 1825; x_wconf 86' lang='lat' dir='ltr'>cum</span> <span class='ocrx_word' id='word_1_389' title='bbox 763 1805 779 1831; x_wconf 82' lang='grc' dir='ltr'><strong><em>ς</em></strong></span> <span class='ocrx_word' id='word_1_390' title='bbox 799 1790 961 1837; x_wconf 73' lang='lat' dir='ltr'>periisset</span> <span class='ocrx_word' id='word_1_391' title='bbox 981 1789 1083 1829; x_wconf 87' lang='lat' dir='ltr'>casu,</span> <span class='ocrx_word' id='word_1_392' title='bbox 1111 1789 1266 1825; x_wconf 85' lang='lat' dir='ltr'>maxime</span> <span class='ocrx_word' id='word_1_393' title='bbox 1284 1791 1333 1826; x_wconf 91' lang='lat' dir='ltr'>ob</span> <span class='ocrx_word' id='word_1_394' title='bbox 1354 1803 1409 1838; x_wconf 90' lang='lat' dir='ltr'>pr.</span> <span class='ocrx_word' id='word_1_395' title='bbox 1432 1789 1650 1830; x_wconf 83' lang='lat' dir='ltr'>finitionem</span> 
     </span>
     <span class='ocr_line' id='line_1_31' title="bbox 133 1838 1650 1883; baseline -0.001 -4"><span class='ocrx_word' id='word_1_396' title='bbox 133 1859 174 1881; x_wconf 81' lang='grc' dir='ltr'>ου</span> <span class='ocrx_word' id='word_1_397' title='bbox 195 1840 345 1877; x_wconf 77' lang='lat' dir='ltr'>ssmilem</span> <span class='ocrx_word' id='word_1_398' title='bbox 359 1866 370 1883; x_wconf 89' lang='lat'>,</span> <span class='ocrx_word' id='word_1_399' title='bbox 405 1851 447 1875; x_wconf 91' lang='lat' dir='ltr'>ut</span> <span class='ocrx_word' id='word_1_400' title='bbox 468 1840 560 1874; x_wconf 80' lang='lat' dir='ltr'>alius</span> <span class='ocrx_word' id='word_1_401' title='bbox 580 1838 770 1879; x_wconf 86' lang='lat' dir='ltr'>librarius,</span> <span class='ocrx_word' id='word_1_402' title='bbox 805 1850 991 1875; x_wconf 89' lang='lat' dir='ltr'>commate</span> <span class='ocrx_word' id='word_1_403' title='bbox 1009 1838 1209 1880; x_wconf 62' lang='lat' dir='ltr'>adiuuem,</span> <span class='ocrx_word' id='word_1_404' title='bbox 1243 1840 1444 1876; x_wconf 72' lang='lat' dir='ltr'>reffionem</span> <span class='ocrx_word' id='word_1_405' title='bbox 1469 1841 1650 1883; x_wconf 78' lang='lat' dir='ltr'>innuerit,</span> 
     </span>
     <span class='ocr_line' id='line_1_32' title="bbox 95 1887 1651 1938; baseline 0.001 -11"><span class='ocrx_word' id='word_1_406' title='bbox 95 1905 100 1907; x_wconf 91' lang='lat'>·</span> <span class='ocrx_word' id='word_1_407' title='bbox 133 1903 174 1929; x_wconf 89' lang='lat' dir='ltr'>et</span> <span class='ocrx_word' id='word_1_408' title='bbox 202 1889 293 1938; x_wconf 87' lang='lat' dir='ltr'>quid</span> <span class='ocrx_word' id='word_1_409' title='bbox 314 1888 566 1936; x_wconf 86' lang='lat' dir='ltr'>copulandum</span> <span class='ocrx_word' id='word_1_410' title='bbox 590 1887 697 1929; x_wconf 71' lang='lat' dir='ltr'>effer,</span> <span class='ocrx_word' id='word_1_411' title='bbox 735 1888 776 1923; x_wconf 90' lang='lat' dir='ltr'>in</span> <span class='ocrx_word' id='word_1_412' title='bbox 802 1900 874 1935; x_wconf 80' lang='lat' dir='ltr'>qua</span> <span class='ocrx_word' id='word_1_413' title='bbox 899 1887 1046 1926; x_wconf 85' lang='lat' dir='ltr'>ratione</span> <span class='ocrx_word' id='word_1_414' title='bbox 1073 1887 1197 1925; x_wconf 87' lang='lat' dir='ltr'>sensus</span> <span class='ocrx_word' id='word_1_415' title='bbox 1222 1900 1288 1937; x_wconf 85' lang='lat' dir='ltr'>per</span> <span class='ocrx_word' id='word_1_416' title='bbox 1311 1888 1348 1926; x_wconf 85' lang='lat' dir='ltr'>se</span> <span class='ocrx_word' id='word_1_417' title='bbox 1372 1889 1526 1938; x_wconf 89' lang='lat' dir='ltr'>quidem</span> <span class='ocrx_word' id='word_1_418' title='bbox 1556 1890 1651 1928; x_wconf 81' lang='lat' dir='ltr'>inest</span> 
     </span>
     <span class='ocr_line' id='line_1_33' title="bbox 134 1937 724 1989; baseline -0.008 -12"><span class='ocrx_word' id='word_1_419' title='bbox 134 1940 298 1986; x_wconf 76' lang='lat' dir='ltr'>aliquis,</span> <span class='ocrx_word' id='word_1_420' title='bbox 327 1938 386 1974; x_wconf 89' lang='lat' dir='ltr'>sed</span> <span class='ocrx_word' id='word_1_421' title='bbox 405 1939 454 1989; x_wconf 69' lang='lat' dir='ltr'>¹ab</span> <span class='ocrx_word' id='word_1_422' title='bbox 477 1937 511 1972; x_wconf 86' lang='lat' dir='ltr'>h.</span> <span class='ocrx_word' id='word_1_423' title='bbox 527 1938 548 1972; x_wconf 93' lang='lat' dir='ltr'>l.</span> <span class='ocrx_word' id='word_1_424' title='bbox 569 1937 724 1973; x_wconf 85' lang='lat' dir='ltr'>alienus.</span> 
     </span>
    </p>

    <p class='ocr_par' dir='ltr' id='par_1_5' title="bbox 133 1987 1652 2776">
     <span class='ocr_line' id='line_1_34' title="bbox 177 1987 1652 2038; baseline 0.001 -12"><span class='ocrx_word' id='word_1_425' title='bbox 177 1987 284 2031; x_wconf 70' lang='grc' dir='ltr'>Ἐδει)</span> <span class='ocrx_word' id='word_1_426' title='bbox 315 1988 373 2023; x_wconf 86' lang='lat' dir='ltr'>Sic</span> <span class='ocrx_word' id='word_1_427' title='bbox 394 1988 497 2032; x_wconf 81' lang='lat' dir='ltr'>lupra</span> <span class='ocrx_word' id='word_1_428' title='bbox 517 1991 620 2031; x_wconf 69' lang='grc' dir='ltr'><em>ἐχρῆν</em></span> <span class='ocrx_word' id='word_1_429' title='bbox 641 1987 698 2023; x_wconf 75' lang='grc' dir='ltr'>τὸν</span> <span class='ocrx_word' id='word_1_430' title='bbox 713 1992 879 2033; x_wconf 60' lang='lat' dir='ltr'>usqemun</span> <span class='ocrx_word' id='word_1_431' title='bbox 891 1988 1060 2029; x_wconf 43' lang='grc' dir='ltr'>διολέσθαι,</span> <span class='ocrx_word' id='word_1_432' title='bbox 1079 1993 1200 2028; x_wconf 68' lang='grc' dir='ltr'>κακῶς.</span> <span class='ocrx_word' id='word_1_433' title='bbox 1217 1988 1334 2038; x_wconf 72' lang='grc' dir='ltr'><em>8ι·ε[ι[].</em></span> <span class='ocrx_word' id='word_1_434' title='bbox 1365 2001 1396 2031; x_wconf 89' lang='lat'>1,</span> <span class='ocrx_word' id='word_1_435' title='bbox 1417 2000 1452 2033; x_wconf 82' lang='lat'>9,</span> <span class='ocrx_word' id='word_1_436' title='bbox 1475 1992 1529 2026; x_wconf 80' lang='lat'>16.</span> <span class='ocrx_word' id='word_1_437' title='bbox 1544 2014 1554 2032; x_wconf 92' lang='lat'>,</span> <span class='ocrx_word' id='word_1_438' title='bbox 1582 1988 1652 2028; x_wconf 63' lang='lat' dir='ltr'>ubi</span> 
     </span>
     <span class='ocr_line' id='line_1_35' title="bbox 133 2034 1650 2085; baseline 0.002 -12"><span class='ocrx_word' id='word_1_439' title='bbox 133 2052 193 2080; x_wconf 82' lang='lat' dir='ltr'>v‚,</span> <span class='ocrx_word' id='word_1_440' title='bbox 231 2038 340 2074; x_wconf 83' lang='lat' dir='ltr'>etiam</span> <span class='ocrx_word' id='word_1_441' title='bbox 362 2037 454 2072; x_wconf 60' lang='lat' dir='ltr'>dieta</span> <span class='ocrx_word' id='word_1_442' title='bbox 482 2035 518 2070; x_wconf 87' lang='lat' dir='ltr'>in</span> <span class='ocrx_word' id='word_1_443' title='bbox 540 2034 631 2080; x_wconf 66' lang='grc' dir='ltr'>ἄρα,</span> <span class='ocrx_word' id='word_1_444' title='bbox 659 2039 757 2084; x_wconf 85' lang='lat' dir='ltr'>quod</span> <span class='ocrx_word' id='word_1_445' title='bbox 781 2040 840 2083; x_wconf 77' lang='lat' dir='ltr'>ssg.</span> <span class='ocrx_word' id='word_1_446' title='bbox 860 2048 880 2071; x_wconf 93' lang='lat' dir='ltr'>e</span> <span class='ocrx_word' id='word_1_447' title='bbox 901 2037 938 2073; x_wconf 79' lang='lat' dir='ltr'>P.</span> <span class='ocrx_word' id='word_1_448' title='bbox 959 2035 1115 2084; x_wconf 86' lang='lat' dir='ltr'>negligit</span> <span class='ocrx_word' id='word_1_449' title='bbox 1133 2037 1255 2077; x_wconf 73' lang='lat' dir='ltr'>forte,</span> <span class='ocrx_word' id='word_1_450' title='bbox 1293 2037 1332 2084; x_wconf 81' lang='lat' dir='ltr'>(li</span> <span class='ocrx_word' id='word_1_451' title='bbox 1359 2043 1394 2075; x_wconf 76' lang='grc' dir='ltr'>δὲ</span> <span class='ocrx_word' id='word_1_452' title='bbox 1422 2051 1486 2085; x_wconf 85' lang='lat' dir='ltr'>per</span> <span class='ocrx_word' id='word_1_453' title='bbox 1505 2044 1542 2082; x_wconf 77' lang='grc' dir='ltr'>δὴ</span> <span class='ocrx_word' id='word_1_454' title='bbox 1565 2041 1650 2076; x_wconf 84' lang='lat' dir='ltr'>red-</span> 
     </span>
     <span class='ocr_line' id='line_1_36' title="bbox 133 2084 1648 2132; baseline 0.001 -8"><span class='ocrx_word' id='word_1_455' title='bbox 133 2087 213 2129; x_wconf 86' lang='lat' dir='ltr'>dit,</span> <span class='ocrx_word' id='word_1_456' title='bbox 238 2099 279 2124; x_wconf 88' lang='lat' dir='ltr'>ut</span> <span class='ocrx_word' id='word_1_457' title='bbox 301 2085 402 2126; x_wconf 88' lang='lat' dir='ltr'>alibi,</span> <span class='ocrx_word' id='word_1_458' title='bbox 431 2084 529 2132; x_wconf 76' lang='lat' dir='ltr'>quod</span> <span class='ocrx_word' id='word_1_459' title='bbox 544 2087 583 2121; x_wconf 82' lang='grc' dir='ltr'>Ρ.</span> <span class='ocrx_word' id='word_1_460' title='bbox 606 2086 730 2131; x_wconf 84' lang='lat' dir='ltr'>potius</span> <span class='ocrx_word' id='word_1_461' title='bbox 742 2084 906 2121; x_wconf 80' lang='lat' dir='ltr'>refertin</span> <span class='ocrx_word' id='word_1_462' title='bbox 924 2085 988 2120; x_wconf 87' lang='lat' dir='ltr'>suo</span> <span class='ocrx_word' id='word_1_463' title='bbox 1001 2088 1204 2129; x_wconf 64' lang='lat' dir='ltr'>caeterum)</span> <span class='ocrx_word' id='word_1_464' title='bbox 1224 2098 1301 2123; x_wconf 88' lang='lat' dir='ltr'>non</span> <span class='ocrx_word' id='word_1_465' title='bbox 1323 2087 1414 2124; x_wconf 88' lang='lat' dir='ltr'>item</span> <span class='ocrx_word' id='word_1_466' title='bbox 1427 2088 1510 2125; x_wconf 81' lang='lat' dir='ltr'>Sch.</span> <span class='ocrx_word' id='word_1_467' title='bbox 1533 2090 1648 2130; x_wconf 64' lang='lat' dir='ltr'>„adin</span> 
     </span>
     <span class='ocr_line' id='line_1_37' title="bbox 134 2134 1650 2186; baseline 0.001 -12"><span class='ocrx_word' id='word_1_468' title='bbox 134 2150 222 2175; x_wconf 84' lang='lat' dir='ltr'>cum</span> <span class='ocrx_word' id='word_1_469' title='bbox 247 2137 327 2172; x_wconf 81' lang='lat' dir='ltr'>aliis</span> <span class='ocrx_word' id='word_1_470' title='bbox 354 2134 546 2181; x_wconf 82' lang='lat' dir='ltr'>particulis</span> <span class='ocrx_word' id='word_1_471' title='bbox 575 2134 679 2183; x_wconf 88' lang='lat' dir='ltr'>iungi</span> <span class='ocrx_word' id='word_1_472' title='bbox 708 2135 822 2176; x_wconf 83' lang='lat' dir='ltr'>solet,</span> <span class='ocrx_word' id='word_1_473' title='bbox 859 2144 901 2170; x_wconf 91' lang='lat' dir='ltr'>ut</span> <span class='ocrx_word' id='word_1_474' title='bbox 922 2140 1026 2175; x_wconf 69' lang='grc' dir='ltr'><em>ποτὲ,</em></span> <span class='ocrx_word' id='word_1_475' title='bbox 1070 2137 1212 2183; x_wconf 80' lang='lat' dir='ltr'>utique,</span> <span class='ocrx_word' id='word_1_476' title='bbox 1249 2138 1396 2173; x_wconf 82' lang='lat' dir='ltr'>tandem</span> <span class='ocrx_word' id='word_1_477' title='bbox 1426 2139 1650 2186; x_wconf 71' lang='lat' dir='ltr'>ale&#39;quana&#39;o‘c</span> 
     </span>
     <span class='ocr_line' id='line_1_38' title="bbox 134 2184 1648 2236; baseline 0 -12"><span class='ocrx_word' id='word_1_478' title='bbox 134 2199 230 2236; x_wconf 87' lang='lat' dir='ltr'>quae</span> <span class='ocrx_word' id='word_1_479' title='bbox 259 2185 437 2221; x_wconf 86' lang='lat' dir='ltr'>notiones</span> <span class='ocrx_word' id='word_1_480' title='bbox 461 2194 533 2221; x_wconf 88' lang='lat' dir='ltr'>utr.</span> <span class='ocrx_word' id='word_1_481' title='bbox 566 2184 650 2220; x_wconf 87' lang='lat' dir='ltr'>sunt</span> <span class='ocrx_word' id='word_1_482' title='bbox 677 2184 786 2221; x_wconf 83' lang='lat' dir='ltr'>etiam</span> <span class='ocrx_word' id='word_1_483' title='bbox 815 2195 874 2230; x_wconf 83' lang='lat' dir='ltr'>ap.</span> <span class='ocrx_word' id='word_1_484' title='bbox 902 2184 952 2219; x_wconf 88' lang='lat' dir='ltr'>ibi</span> <span class='ocrx_word' id='word_1_485' title='bbox 974 2184 1162 2226; x_wconf 74' lang='lat' dir='ltr'>laudatos,</span> <span class='ocrx_word' id='word_1_486' title='bbox 1192 2185 1393 2223; x_wconf 66' lang='lat' dir='ltr'>flufluance</span> <span class='ocrx_word' id='word_1_487' title='bbox 1413 2188 1493 2234; x_wconf 85' lang='lat' dir='ltr'>Stp.</span> <span class='ocrx_word' id='word_1_488' title='bbox 1517 2189 1588 2226; x_wconf 87' lang='lat' dir='ltr'>Th.</span> <span class='ocrx_word' id='word_1_489' title='bbox 1614 2201 1648 2231; x_wconf 83' lang='lat' dir='ltr'>r,</span> 
     </span>
     <span class='ocr_line' id='line_1_39' title="bbox 137 2230 1647 2286; baseline 0.003 -15"><span class='ocrx_word' id='word_1_490' title='bbox 137 2248 223 2282; x_wconf 81' lang='lat'>507.</span> <span class='ocrx_word' id='word_1_491' title='bbox 242 2236 280 2271; x_wconf 84' lang='lat' dir='ltr'>F.</span> <span class='ocrx_word' id='word_1_492' title='bbox 299 2234 376 2282; x_wconf 88' lang='lat' dir='ltr'>sqq.</span> <span class='ocrx_word' id='word_1_493' title='bbox 397 2231 436 2269; x_wconf 89' lang='lat' dir='ltr'>in</span> <span class='ocrx_word' id='word_1_494' title='bbox 458 2236 494 2269; x_wconf 73' lang='grc' dir='ltr'>δὲ</span> <span class='ocrx_word' id='word_1_495' title='bbox 513 2244 597 2268; x_wconf 89' lang='lat' dir='ltr'>cum</span> <span class='ocrx_word' id='word_1_496' title='bbox 615 2230 703 2279; x_wconf 69' lang='grc' dir='ltr'>ἔρα.</span> <span class='ocrx_word' id='word_1_497' title='bbox 731 2245 802 2269; x_wconf 90' lang='lat' dir='ltr'>nec</span> <span class='ocrx_word' id='word_1_498' title='bbox 822 2232 896 2268; x_wconf 91' lang='lat' dir='ltr'>huc</span> <span class='ocrx_word' id='word_1_499' title='bbox 912 2232 1117 2280; x_wconf 63' lang='lat' dir='ltr'>spef&#39;tante,</span> <span class='ocrx_word' id='word_1_500' title='bbox 1154 2245 1277 2271; x_wconf 81' lang='lat' dir='ltr'>tamen</span> <span class='ocrx_word' id='word_1_501' title='bbox 1297 2233 1366 2281; x_wconf 67' lang='grc' dir='ltr'>ἄρα</span> <span class='ocrx_word' id='word_1_502' title='bbox 1390 2249 1452 2283; x_wconf 88' lang='lat' dir='ltr'>per</span> <span class='ocrx_word' id='word_1_503' title='bbox 1467 2240 1543 2276; x_wconf 84' lang='lat' dir='ltr'>Lat.</span> <span class='ocrx_word' id='word_1_504' title='bbox 1560 2251 1647 2286; x_wconf 80' lang='lat' dir='ltr'>ergo</span> 
     </span>
     <span class='ocr_line' id='line_1_40' title="bbox 134 2280 1649 2334; baseline 0.001 -12"><span class='ocrx_word' id='word_1_505' title='bbox 134 2284 249 2322; x_wconf 80' lang='lat' dir='ltr'>etiam</span> <span class='ocrx_word' id='word_1_506' title='bbox 267 2292 500 2328; x_wconf 83' lang='lat' dir='ltr'>exponente;</span> <span class='ocrx_word' id='word_1_507' title='bbox 531 2282 632 2330; x_wconf 79' lang='lat' dir='ltr'>quod</span> <span class='ocrx_word' id='word_1_508' title='bbox 649 2280 673 2318; x_wconf 86' lang='lat' dir='ltr'>fi</span> <span class='ocrx_word' id='word_1_509' title='bbox 692 2284 756 2331; x_wconf 82' lang='lat' dir='ltr'>Bg.</span> <span class='ocrx_word' id='word_1_510' title='bbox 778 2282 926 2319; x_wconf 88' lang='lat' dir='ltr'>secutus</span> <span class='ocrx_word' id='word_1_511' title='bbox 945 2280 1007 2318; x_wconf 82' lang='lat' dir='ltr'>fit:</span> <span class='ocrx_word' id='word_1_512' title='bbox 1035 2295 1160 2319; x_wconf 73' lang='lat' dir='ltr'>contra</span> <span class='ocrx_word' id='word_1_513' title='bbox 1179 2288 1215 2320; x_wconf 77' lang='grc' dir='ltr'>δὲ</span> <span class='ocrx_word' id='word_1_514' title='bbox 1234 2285 1431 2331; x_wconf 74' lang='lat' dir='ltr'>oppreffit,</span> <span class='ocrx_word' id='word_1_515' title='bbox 1459 2298 1526 2334; x_wconf 85' lang='lat' dir='ltr'>pro</span> <span class='ocrx_word' id='word_1_516' title='bbox 1548 2288 1649 2325; x_wconf 85' lang='lat' dir='ltr'>seve·</span> 
     </span>
     <span class='ocr_line' id='line_1_41' title="bbox 133 2331 1647 2386; baseline 0.001 -16"><span class='ocrx_word' id='word_1_517' title='bbox 133 2334 207 2374; x_wconf 82' lang='lat' dir='ltr'>ris,</span> <span class='ocrx_word' id='word_1_518' title='bbox 229 2332 292 2381; x_wconf 80' lang='lat' dir='ltr'>sed</span> <span class='ocrx_word' id='word_1_519' title='bbox 310 2333 511 2380; x_wconf 83' lang='lat' dir='ltr'>oportebat</span> <span class='ocrx_word' id='word_1_520' title='bbox 529 2331 647 2379; x_wconf 80' lang='lat' dir='ltr'>utique</span> <span class='ocrx_word' id='word_1_521' title='bbox 666 2332 690 2367; x_wconf 91' lang='lat' dir='ltr'>s.</span> <span class='ocrx_word' id='word_1_522' title='bbox 707 2332 804 2379; x_wconf 87' lang='lat' dir='ltr'>sane.</span> <span class='ocrx_word' id='word_1_523' title='bbox 857 2332 949 2368; x_wconf 89' lang='lat' dir='ltr'>Mox</span> <span class='ocrx_word' id='word_1_524' title='bbox 966 2331 1004 2367; x_wconf 87' lang='lat' dir='ltr'>in</span> <span class='ocrx_word' id='word_1_525' title='bbox 1025 2348 1141 2378; x_wconf 63' lang='grc' dir='ltr'><strong><em>μεμῃν.</em></strong></span> <span class='ocrx_word' id='word_1_526' title='bbox 1162 2335 1302 2381; x_wconf 89' lang='lat' dir='ltr'>(quod,</span> <span class='ocrx_word' id='word_1_527' title='bbox 1333 2335 1367 2371; x_wconf 89' lang='lat' dir='ltr'>h.</span> <span class='ocrx_word' id='word_1_528' title='bbox 1389 2336 1414 2373; x_wconf 90' lang='lat' dir='ltr'>l.</span> <span class='ocrx_word' id='word_1_529' title='bbox 1440 2335 1647 2386; x_wconf 87' lang='lat' dir='ltr'>improprie</span> 
     </span>
     <span class='ocr_line' id='line_1_42' title="bbox 134 2379 1641 2429; baseline -0.001 -9"><span class='ocrx_word' id='word_1_530' title='bbox 134 2381 298 2420; x_wconf 82' lang='lat' dir='ltr'>sumtum</span> <span class='ocrx_word' id='word_1_531' title='bbox 313 2407 324 2423; x_wconf 85' lang='lat'>‚</span> <span class='ocrx_word' id='word_1_532' title='bbox 358 2380 402 2417; x_wconf 83' lang='lat' dir='ltr'>ad</span> <span class='ocrx_word' id='word_1_533' title='bbox 427 2379 520 2417; x_wconf 66' lang='lat' dir='ltr'>fasta</span> <span class='ocrx_word' id='word_1_534' title='bbox 540 2381 703 2427; x_wconf 79' lang='lat' dir='ltr'>pertinet</span> <span class='ocrx_word' id='word_1_535' title='bbox 723 2381 845 2428; x_wconf 83' lang='lat' dir='ltr'>turpia</span> <span class='ocrx_word' id='word_1_536' title='bbox 865 2392 902 2417; x_wconf 90' lang='lat' dir='ltr'>et</span> <span class='ocrx_word' id='word_1_537' title='bbox 921 2381 1117 2424; x_wconf 87' lang='lat' dir='ltr'>indecora,</span> <span class='ocrx_word' id='word_1_538' title='bbox 1151 2383 1276 2429; x_wconf 85' lang='lat' dir='ltr'>estque</span> <span class='ocrx_word' id='word_1_539' title='bbox 1302 2383 1482 2421; x_wconf 82' lang='lat' dir='ltr'>indecore</span> <span class='ocrx_word' id='word_1_540' title='bbox 1511 2398 1552 2422; x_wconf 85' lang='lat' dir='ltr'>ac</span> <span class='ocrx_word' id='word_1_541' title='bbox 1569 2398 1641 2423; x_wconf 90' lang='lat' dir='ltr'>tur.</span> 
     </span>
     <span class='ocr_line' id='line_1_43' title="bbox 135 2430 1649 2481; baseline 0.001 -13"><span class='ocrx_word' id='word_1_542' title='bbox 135 2432 236 2481; x_wconf 87' lang='lat' dir='ltr'>piter</span> <span class='ocrx_word' id='word_1_543' title='bbox 255 2442 382 2479; x_wconf 76' lang='lat' dir='ltr'>agere,</span> <span class='ocrx_word' id='word_1_544' title='bbox 416 2430 463 2466; x_wconf 81' lang='lat' dir='ltr'>cf.</span> <span class='ocrx_word' id='word_1_545' title='bbox 491 2442 520 2472; x_wconf 87' lang='grc' dir='ltr'>ι,</span> <span class='ocrx_word' id='word_1_546' title='bbox 537 2443 573 2476; x_wconf 82' lang='grc'>9,</span> <span class='ocrx_word' id='word_1_547' title='bbox 600 2432 670 2477; x_wconf 87' lang='lat'><strong>¹4·)</strong></span> <span class='ocrx_word' id='word_1_548' title='bbox 692 2431 776 2467; x_wconf 80' lang='lat' dir='ltr'>sch.</span> <span class='ocrx_word' id='word_1_549' title='bbox 797 2430 842 2466; x_wconf 84' lang='lat' dir='ltr'>ad</span> <span class='ocrx_word' id='word_1_550' title='bbox 861 2430 989 2472; x_wconf 84' lang='lat' dir='ltr'>suum,</span> <span class='ocrx_word' id='word_1_551' title='bbox 1025 2444 1045 2467; x_wconf 93' lang='lat' dir='ltr'>e</span> <span class='ocrx_word' id='word_1_552' title='bbox 1067 2432 1103 2468; x_wconf 79' lang='lat' dir='ltr'>P.</span> <span class='ocrx_word' id='word_1_553' title='bbox 1121 2433 1276 2478; x_wconf 79' lang='lat' dir='ltr'>partim,</span> <span class='ocrx_word' id='word_1_554' title='bbox 1315 2436 1496 2471; x_wconf 82' lang='lat' dir='ltr'>vecordem</span> <span class='ocrx_word' id='word_1_555' title='bbox 1518 2437 1649 2474; x_wconf 83' lang='lat' dir='ltr'>debuit</span> 
     </span>
     <span class='ocr_line' id='line_1_44' title="bbox 135 2477 1649 2532; baseline 0.003 -13"><span class='ocrx_word' id='word_1_556' title='bbox 135 2480 272 2519; x_wconf 85' lang='lat' dir='ltr'>addere</span> <span class='ocrx_word' id='word_1_557' title='bbox 292 2492 328 2516; x_wconf 89' lang='lat' dir='ltr'>v.</span> <span class='ocrx_word' id='word_1_558' title='bbox 343 2477 427 2527; x_wconf 57' lang='lat' dir='ltr'>effi,</span> <span class='ocrx_word' id='word_1_559' title='bbox 469 2477 637 2515; x_wconf 84' lang='lat' dir='ltr'>deserens</span> <span class='ocrx_word' id='word_1_560' title='bbox 658 2481 694 2516; x_wconf 79' lang='grc' dir='ltr'>Ι).</span> <span class='ocrx_word' id='word_1_561' title='bbox 716 2480 763 2516; x_wconf 78' lang='lat' dir='ltr'>in&#39;</span> <span class='ocrx_word' id='word_1_562' title='bbox 782 2495 885 2526; x_wconf 55' lang='grc' dir='ltr'>,γι-υς.</span> <span class='ocrx_word' id='word_1_563' title='bbox 907 2479 1127 2526; x_wconf 69' lang='lat' dir='ltr'>imperium,</span> <span class='ocrx_word' id='word_1_564' title='bbox 1166 2481 1314 2532; x_wconf 81' lang='lat' dir='ltr'>versans</span> <span class='ocrx_word' id='word_1_565' title='bbox 1336 2483 1402 2520; x_wconf 85' lang='lat' dir='ltr'>sub</span> <span class='ocrx_word' id='word_1_566' title='bbox 1424 2486 1649 2532; x_wconf 49' lang='lat' dir='ltr'>tyrannidess‘</span> 
     </span>
     <span class='ocr_line' id='line_1_45' title="bbox 135 2529 1646 2581; baseline -0.002 -13"><span class='ocrx_word' id='word_1_567' title='bbox 135 2530 299 2576; x_wconf 82' lang='lat' dir='ltr'>ubistp.</span> <span class='ocrx_word' id='word_1_568' title='bbox 317 2531 392 2565; x_wconf 86' lang='lat' dir='ltr'>Th.</span> <span class='ocrx_word' id='word_1_569' title='bbox 421 2529 689 2574; x_wconf 83' lang='lat' dir='ltr'>„tyrannidem</span> <span class='ocrx_word' id='word_1_570' title='bbox 711 2529 851 2575; x_wconf 78' lang='lat' dir='ltr'>patior,</span> <span class='ocrx_word' id='word_1_571' title='bbox 891 2539 1051 2574; x_wconf 86' lang='lat' dir='ltr'>tyranno</span> <span class='ocrx_word' id='word_1_572' title='bbox 1084 2529 1264 2568; x_wconf 63' lang='lat' dir='ltr'>subiectus</span> <span class='ocrx_word' id='word_1_573' title='bbox 1292 2530 1371 2569; x_wconf 86' lang='lat' dir='ltr'>sum</span> <span class='ocrx_word' id='word_1_574' title='bbox 1400 2543 1440 2570; x_wconf 89' lang='lat' dir='ltr'>et</span> <span class='ocrx_word' id='word_1_575' title='bbox 1464 2548 1587 2581; x_wconf 77' lang='lat' dir='ltr'>paren,</span> <span class='ocrx_word' id='word_1_576' title='bbox 1604 2554 1646 2565; x_wconf 67' lang='lat'>..-</span> 
     </span>
     <span class='ocr_line' id='line_1_46' title="bbox 134 2575 1649 2626; baseline 0.005 -11"><span class='ocrx_word' id='word_1_577' title='bbox 134 2579 298 2617; x_wconf 84' lang='lat' dir='ltr'>Herodi.</span> <span class='ocrx_word' id='word_1_578' title='bbox 322 2578 344 2614; x_wconf 89' lang='lat' dir='ltr'>l.</span> <span class='ocrx_word' id='word_1_579' title='bbox 365 2588 394 2616; x_wconf 88' lang='lat'>1.</span> <span class='ocrx_word' id='word_1_580' title='bbox 421 2582 448 2616; x_wconf 66' lang='lat' dir='ltr'>l.</span> <span class='ocrx_word' id='word_1_581' title='bbox 473 2577 502 2615; x_wconf 77' lang='grc' dir='ltr'>δ’</span> <span class='ocrx_word' id='word_1_582' title='bbox 519 2575 588 2622; x_wconf 65' lang='grc' dir='ltr'>ἅμ</span> <span class='ocrx_word' id='word_1_583' title='bbox 607 2584 690 2615; x_wconf 74' lang='grc' dir='ltr'>ποτὲ</span> <span class='ocrx_word' id='word_1_584' title='bbox 709 2594 811 2616; x_wconf 59' lang='lat' dir='ltr'>aava.</span> <span class='ocrx_word' id='word_1_585' title='bbox 831 2584 890 2620; x_wconf 68' lang='grc' dir='ltr'>τὴν</span> <span class='ocrx_word' id='word_1_586' title='bbox 908 2578 951 2615; x_wconf 79' lang='lat' dir='ltr'>‘P-</span> <span class='ocrx_word' id='word_1_587' title='bbox 973 2583 1008 2615; x_wconf 77' lang='grc' dir='ltr'>ἁ.</span> <span class='ocrx_word' id='word_1_588' title='bbox 1033 2585 1096 2614; x_wconf 78' lang='grc' dir='ltr'>τ.“</span> <span class='ocrx_word' id='word_1_589' title='bbox 1132 2591 1275 2626; x_wconf 83' lang='lat' dir='ltr'>praeter</span> <span class='ocrx_word' id='word_1_590' title='bbox 1305 2582 1413 2619; x_wconf 80' lang='lat' dir='ltr'>aliam</span> <span class='ocrx_word' id='word_1_591' title='bbox 1443 2584 1524 2621; x_wconf 68' lang='lat' dir='ltr'>lest.</span> <span class='ocrx_word' id='word_1_592' title='bbox 1556 2583 1594 2621; x_wconf 87' lang='lat' dir='ltr'>in</span> <span class='ocrx_word' id='word_1_593' title='bbox 1618 2586 1649 2622; x_wconf 79' lang='grc' dir='ltr'>δ’</span> 
     </span>
     <span class='ocr_line' id='line_1_47' title="bbox 135 2627 1647 2681; baseline 0.002 -17"><span class='ocrx_word' id='word_1_594' title='bbox 135 2641 223 2666; x_wconf 84' lang='lat' dir='ltr'>cum</span> <span class='ocrx_word' id='word_1_595' title='bbox 241 2628 486 2676; x_wconf 84' lang='lat' dir='ltr'>apostropho,</span> <span class='ocrx_word' id='word_1_596' title='bbox 521 2640 540 2662; x_wconf 91' lang='lat' dir='ltr'>e</span> <span class='ocrx_word' id='word_1_597' title='bbox 559 2629 599 2662; x_wconf 81' lang='lat' dir='ltr'>P.</span> <span class='ocrx_word' id='word_1_598' title='bbox 622 2628 684 2662; x_wconf 82' lang='lat' dir='ltr'>Vs.</span> <span class='ocrx_word' id='word_1_599' title='bbox 698 2653 708 2668; x_wconf 84' lang='lat'><em>.</em></span> <span class='ocrx_word' id='word_1_600' title='bbox 743 2640 854 2675; x_wconf 83' lang='lat' dir='ltr'>quam</span> <span class='ocrx_word' id='word_1_601' title='bbox 874 2630 938 2677; x_wconf 82' lang='lat' dir='ltr'>Bg.</span> <span class='ocrx_word' id='word_1_602' title='bbox 959 2627 1095 2669; x_wconf 75' lang='lat' dir='ltr'>servat,</span> <span class='ocrx_word' id='word_1_603' title='bbox 1135 2629 1285 2667; x_wconf 87' lang='lat' dir='ltr'>reddito</span> <span class='ocrx_word' id='word_1_604' title='bbox 1304 2643 1338 2667; x_wconf 83' lang='lat' dir='ltr'>v.</span> <span class='ocrx_word' id='word_1_605' title='bbox 1358 2647 1464 2671; x_wconf 71' lang='grc' dir='ltr'><strong><em>παυσ.</em></strong></span> <span class='ocrx_word' id='word_1_606' title='bbox 1490 2646 1554 2681; x_wconf 85' lang='lat' dir='ltr'>per</span> <span class='ocrx_word' id='word_1_607' title='bbox 1580 2635 1647 2671; x_wconf 90' lang='lat' dir='ltr'>du-</span> 
     </span>
     <span class='ocr_line' id='line_1_48' title="bbox 134 2675 1645 2730; baseline 0.001 -15"><span class='ocrx_word' id='word_1_608' title='bbox 134 2677 226 2727; x_wconf 76' lang='lat' dir='ltr'>plex</span> <span class='ocrx_word' id='word_1_609' title='bbox 234 2679 311 2714; x_wconf 79' lang='lat' dir='ltr'>Lat.</span> <span class='ocrx_word' id='word_1_610' title='bbox 332 2689 365 2713; x_wconf 91' lang='lat' dir='ltr'>v.</span> <span class='ocrx_word' id='word_1_611' title='bbox 379 2701 389 2717; x_wconf 87' lang='lat'>.</span> <span class='ocrx_word' id='word_1_612' title='bbox 414 2676 484 2713; x_wconf 72' lang='lat' dir='ltr'>ast.</span> <span class='ocrx_word' id='word_1_613' title='bbox 501 2675 644 2723; x_wconf 55' lang='lat' dir='ltr'>etpass.</span> <span class='ocrx_word' id='word_1_614' title='bbox 666 2675 782 2716; x_wconf 83' lang='lat' dir='ltr'>simul.</span> <span class='ocrx_word' id='word_1_615' title='bbox 805 2677 958 2723; x_wconf 73' lang='lat' dir='ltr'>definere</span> <span class='ocrx_word' id='word_1_616' title='bbox 973 2688 1012 2713; x_wconf 87' lang='lat' dir='ltr'>et</span> <span class='ocrx_word' id='word_1_617' title='bbox 1028 2677 1200 2718; x_wconf 75' lang='lat' dir='ltr'>liberari,</span> <span class='ocrx_word' id='word_1_618' title='bbox 1229 2680 1289 2716; x_wconf 86' lang='lat' dir='ltr'>sed</span> <span class='ocrx_word' id='word_1_619' title='bbox 1306 2683 1423 2718; x_wconf 76' lang='lat' dir='ltr'>altero</span> <span class='ocrx_word' id='word_1_620' title='bbox 1440 2695 1473 2718; x_wconf 88' lang='lat' dir='ltr'>v.</span> <span class='ocrx_word' id='word_1_621' title='bbox 1490 2699 1563 2730; x_wconf 70' lang='grc' dir='ltr'>τηρ,</span> <span class='ocrx_word' id='word_1_622' title='bbox 1581 2696 1645 2730; x_wconf 80' lang='lat' dir='ltr'>per</span> 
     </span>
     <span class='ocr_line' id='line_1_49' title="bbox 133 2724 1644 2776; baseline 0.002 -11"><span class='ocrx_word' id='word_1_623' title='bbox 133 2725 242 2765; x_wconf 76' lang='lat' dir='ltr'>subst.</span> <span class='ocrx_word' id='word_1_624' title='bbox 274 2726 405 2769; x_wconf 83' lang='lat' dir='ltr'>affine,</span> <span class='ocrx_word' id='word_1_625' title='bbox 447 2725 687 2762; x_wconf 85' lang='lat' dir='ltr'>reddentibus</span> <span class='ocrx_word' id='word_1_626' title='bbox 725 2724 805 2763; x_wconf 84' lang='lat' dir='ltr'>aliis</span> <span class='ocrx_word' id='word_1_627' title='bbox 835 2726 962 2768; x_wconf 88' lang='lat' dir='ltr'>aliter,</span> <span class='ocrx_word' id='word_1_628' title='bbox 1008 2725 1054 2762; x_wconf 85' lang='lat' dir='ltr'>cs.</span> <span class='ocrx_word' id='word_1_629' title='bbox 1080 2727 1162 2763; x_wconf 85' lang='lat' dir='ltr'>1nd.</span> <span class='ocrx_word' id='word_1_630' title='bbox 1196 2730 1304 2766; x_wconf 86' lang='lat' dir='ltr'>Dem.</span> <span class='ocrx_word' id='word_1_631' title='bbox 1343 2731 1429 2776; x_wconf 89' lang='lat' dir='ltr'>(cui</span> <span class='ocrx_word' id='word_1_632' title='bbox 1455 2731 1537 2771; x_wconf 84' lang='lat' dir='ltr'>add.</span> <span class='ocrx_word' id='word_1_633' title='bbox 1564 2744 1644 2776; x_wconf 83' lang='lat'>117,</span> 
     </span>
    </p>
   </div>
   <div class='ocr_carea' id='block_1_5' title="bbox 136 2775 1644 2826">
    <p class='ocr_par' dir='ltr' id='par_1_6' title="bbox 136 2775 1644 2826">
     <span class='ocr_line' id='line_1_50' title="bbox 136 2775 1644 2826; baseline 0.004 -13"><span class='ocrx_word' id='word_1_634' title='bbox 136 2776 209 2816; x_wconf 86' lang='lat' dir='ltr'>ult.</span> <span class='ocrx_word' id='word_1_635' title='bbox 232 2780 316 2824; x_wconf 79' lang='lat'>506,</span> <span class='ocrx_word' id='word_1_636' title='bbox 334 2779 414 2826; x_wconf 83' lang='lat'>21.)</span> <span class='ocrx_word' id='word_1_637' title='bbox 431 2787 472 2816; x_wconf 84' lang='lat' dir='ltr'>et</span> <span class='ocrx_word' id='word_1_638' title='bbox 488 2775 532 2814; x_wconf 89' lang='lat' dir='ltr'>Z.</span> <span class='ocrx_word' id='word_1_639' title='bbox 550 2776 646 2814; x_wconf 77' lang='lat' dir='ltr'>Xen.</span> <span class='ocrx_word' id='word_1_640' title='bbox 666 2777 801 2821; x_wconf 84' lang='lat' dir='ltr'>Bach.‚</span> <span class='ocrx_word' id='word_1_641' title='bbox 826 2775 887 2816; x_wconf 80' lang='lat' dir='ltr'>sed</span> <span class='ocrx_word' id='word_1_642' title='bbox 898 2776 1015 2817; x_wconf 76' lang='lat' dir='ltr'>Dion.</span> <span class='ocrx_word' id='word_1_643' title='bbox 1035 2776 1087 2817; x_wconf 76' lang='lat' dir='ltr'>H.</span> <span class='ocrx_word' id='word_1_644' title='bbox 1108 2778 1145 2815; x_wconf 82' lang='lat' dir='ltr'>S.</span> <span class='ocrx_word' id='word_1_645' title='bbox 1165 2775 1241 2817; x_wconf 73' lang='lat' dir='ltr'>tine</span> <span class='ocrx_word' id='word_1_646' title='bbox 1258 2779 1339 2818; x_wconf 78' lang='lat' dir='ltr'>lnd.</span> <span class='ocrx_word' id='word_1_647' title='bbox 1362 2781 1409 2818; x_wconf 82' lang='lat' dir='ltr'>T.</span> <span class='ocrx_word' id='word_1_648' title='bbox 1424 2794 1457 2820; x_wconf 65' lang='grc' dir='ltr'>π.</span> <span class='ocrx_word' id='word_1_649' title='bbox 1487 2785 1569 2824; x_wconf 83' lang='lat'>161,</span> <span class='ocrx_word' id='word_1_650' title='bbox 1586 2792 1644 2824; x_wconf 79' lang='lat'>28·</span> 
     </span>
    </p>
   </div>
  </div>
 </body>
</html>
