1829 3173
620 169 1055 214 PRAEFATIO:
1468 188 1595 216 xvn

84 284 258 336 ostonis
280 279 498 334 excusam,
545 280 592 340 2)
611 279 823 343 Stephani
841 279 961 325 illam
984 277 1181 325 eiusdem
1204 277 1395 340 figurae,
1427 281 1497 328 sed
1518 300 1590 330 an-

83 356 132 400 ni
156 357 304 412 1568,
342 366 450 413 quae
471 345 660 393 habetur
677 351 720 393 in
743 344 861 392 istius
884 347 1122 393 Volumine
1147 365 1171 394 2
1195 351 1503 397 Romanorum
1525 353 1593 397 hi-

84 419 374 472 storicorum,
413 416 604 477 denique
650 418 696 477 3)
726 415 925 469 Boecleri
947 416 1161 478 primam,
1207 418 1309 462 anni
1338 422 1484 476 1644,
1523 421 1590 465 iti-

80 488 188 536 dem
211 484 382 533 ostonis
405 480 650 542 vulgatam,
694 500 812 539 non,
853 500 941 546 quo
965 481 1019 528 ad
1048 494 1217 530 textum
1240 486 1465 532 Graecum
1488 503 1592 532 con·

78 553 351 603 stituendum
372 553 422 597 iis
444 567 719 614 magnopere
741 568 853 614 opus
873 549 943 607 fit,
978 550 1051 596 sed
1071 563 1121 597 ut
1142 568 1199 596 ne
1221 552 1325 615 quid
1354 553 1493 599 deeffe
1515 557 1593 601 mi-

81 625 132 673 hi
160 619 429 669 videaturad
452 621 630 664 censum
650 618 923 673 faciendum,
959 621 1003 664 in
1034 637 1124 681 quo
1153 619 1248 683 ipso,
1276 632 1327 665 ut
1355 619 1483 667 reOteff
1500 641 1594 669 ver.-

76 676 163 739 'sari
201 706 380 753 queam,
432 686 602 733 aceedit
632 687 753 733 causa
782 687 932 741 altera,
978 704 1059 732 cur
1086 704 1209 733 nunc
1237 687 1415 751 quidem
1449 691 1591 737 dimit-

78 769 175 806 tam
193 758 313 804 hanc
332 772 535 818 operam,
579 765 629 800 ut
650 772 674 799 e
696 756 828 818 plane
849 752 1379 819 pertrafiiatisCodicibus
1407 756 1593 806 demum

82 825 259 874 definiri
302 822 432 887 poffit
482 823 720 886 colligique
768 825 961 885 pretium
999 820 1204 880 istorum,
1259 825 1360 886 quia
1401 828 1594 873 Bavarus

82 893 264 959 quidem
294 909 382 942 una
419 907 521 936 cum
557 895 731 936 Veneto
767 891 862 936 satis
894 901 1175 954 comparatus
1217 890 1278 937 est
1316 892 1423 938 mihi
1461 904 1594 959 atque

81 958 363 1029 perspeffius,
393 975 485 1004 non
506 959 616 1003 item
637 957 739 1003 dum
759 956 1138 1011 Vindobonenfis,
1181 957 1315 1005 serius
1338 961 1412 1005 hic
1438 961 1492 1008 ad
1521 978 1596 1009 me

83 1029 268 1084 delatus,
303 1043 424 1074 nunc
443 1043 530 1090 que
548 1028 737 1071 maxime
757 1027 802 1071 in
822 1023 1023 1071 manibus
1045 1036 1090 1071 et
1109 1025 1247 1071 oculis
1270 1027 1397 1074 mihi.

219 1129 425 1192 Reliquos
464 1127 612 1189 operis
643 1127 844 1179 TomOS,
883 1132 901 1182 (
913 1143 1026 1189 quos
1067 1125 1154 1172 duo
1186 1137 1382 1183 tantum,
1420 1140 1600 1193 praeter

79 1198 218 1251 hune,
250 1197 400 1255 cogito
421 1193 563 1239 forma
586 1192 671 1238 hac
689 1190 844 1240 ostavo
867 1195 1041 1248 maiori,
1074 1193 1264 1241 libenter
1284 1193 1490 1254 fasturuS,
1521 1199 1601 1247 ubi

83 1264 260 1312 duobus
285 1263 424 1309 modo
457 1261 639 1321 defungi
669 1262 828 1324 liceat‚)
855 1262 1004 1326 quoad
1033 1261 1175 1308 divina
1211 1280 1292 1326 per
1319 1262 1601 1315 sustentatam

81 1335 218 1380 animi
249 1331 542 1397 corporisque
572 1330 839 1376 alacritatem
861 1330 1076 1376 adiuverit
1102 1331 1431 1389 benevolentia,
1477 1334 1601 1382 dein-

77 1403 191 1465 ceps
230 1399 366 1454 dabo,
418 1397 565 1462 quoad
591 1415 660 1443 res
687 1416 710 1443 a
742 1416 816 1444 me
842 1398 1033 1462 pendet,
1079 1396 1167 1445 sine
1197 1401 1340 1447 multo
1379 1405 1600 1466 temporis

82 1468 337 1521 intervallo,
387 1477 565 1512 curatos
597 1466 698 1513 illos
729 1467 909 1531 quidem
938 1466 1092 1513 eadem
1124 1483 1227 1513 cum
1259 1468 1496 1528 diligentia,
1528 1471 1601 1517 sed

83 1548 234 1583 tamen
275 1536 407 1581 etiam
445 1532 572 1580 simul
611 1536 868 1581 conservato
906 1535 1130 1581 brevitatis
1169 1536 1428 1600 proposito,
1479 1538 1602 1601 quod

82 1605 173 1652 hoc
204 1606 343 1664 magiS
379 1613 534 1648 tenere
560 1613 744 1665 potero,
791 1606 921 1668 quia,
963 1601 1062 1667 post
1090 1603 1364 1667 compositos
1392 1606 1603 1670 profliga-

84 1682 246 1735 tosque
286 1675 373 1717 iam
413 1674 589 1735 quinque
628 1670 788 1728 libros,
841 1688 935 1718 non
973 1674 1034 1718 ita
1069 1671 1248 1732 singulis
1284 1674 1330 1719 in
1367 1673 1512 1720 verbis
1552 1692 1604 1722 ae

86 1737 241 1787 iunffis
263 1740 537 1802 reliquorum
568 1737 805 1798 librorum,
849 1739 943 1786 fere
967 1738 1282 1797 redeuntibus,
1326 1741 1605 1790 haerendum

87 1810 172 1855 erit
198 1820 329 1871 atque
357 1806 665 1854 desudandum.
1006 1815 1009 1823 “

219 1907 360 1952 Poscit
393 1909 480 1952 iam
515 1924 579 1952 res
613 1917 658 1952 et
686 1908 880 1963 animus,
936 1920 986 1954 ut
1013 1909 1087 1955 hic
1124 1926 1306 1974 quoque
1345 1909 1605 1975 producam,

89 1974 164 2037 qui
195 1973 464 2037 profuerunt
490 1973 617 2019 nobis
648 1976 692 2019 in
722 1974 985 2021 Herodiano
1017 1995 1156 2041 opere
1187 1981 1312 2025 variis
1342 1980 1604 2036 rationibus,

88 2043 284 2103 reliquos
309 2043 436 2087 viros.
507 2045 559 2086 In
588 2041 654 2087 his
686 2043 835 2104 primo
867 2043 969 2088 loco
1000 2044 1238 2106 ponendus
1274 2046 1337 2093 est
1369 2060 1414 2093 et
1434 2048 1604 2093 collau-

87 2108 259 2155 dandus
286 2110 485 2155 Leisneri
519 2109 655 2164 beati,
691 2111 864 2156 Graece
884 2111 1109 2172 quondam
1139 2112 1603 2178 LatinequeDofflffi'-

86 2178 153 2224 mi
182 2179 296 2230 Viri,
346 2177 474 2223 heres
503 2195 553 2222 ac
587 2176 723 2232 filius,
766 2179 840 2224 hic
877 2179 1045 2225 Flaviae
1085 2179 1274 2240 degens,
1323 2183 1601 2246 inspiciendis

83 2245 221 2292 rebus
252 2243 394 2291 accisis
425 2242 650 2309 causisque
675 2245 856 2305 agendis
890 2263 1044 2293 vacans
1074 2251 1182 2311 reip.
1203 2267 1306 2295 cum
1334 2253 1491 2297 eximia
1510 2252 1599 2298 lau-

90 2311 167 2369 de,
209 2329 260 2358 ac
283 2313 526 2359 litterarum
558 2326 763 2360 veterum
781 2317 984 2379 apprime
1011 2317 1288 2376 intelligens,
1325 2321 1450 2365 cuius
1475 2322 1600 2383 quip-

88 2397 149 2444 pe
177 2380 403 2427 voluntate
424 2380 728 2441 benigniffima
753 2386 1041 2443 contigerunt
1069 2385 1198 2431 nobis
1229 2402 1322 2433 non
1352 2386 1491 2433 modo
1524 2390 1602 2434 Pa-

88 2449 167 2495 tris
199 2451 243 2493 in
266 2448 572 2496 Herodianum
594 2454 763 2497 Notata
778 2486 788 2504 ,
821 2451 891 2497 sed
915 2454 1046 2497 etiam
1068 2452 1284 2500 editiones
1306 2455 1475 2518 aliquot
1495 2472 1603 2501 cum

88 2516 208 2563 libris
253 2516 367 2571 aliis,
415 2519 459 2563 in
497 2535 679 2581 operam
720 2516 913 2566 nostram
954 2518 1222 2577 neceffariis,
1277 2525 1349 2569 cui
1395 2524 1454 2570 ob
1490 2525 1601 2569 haec

90 2584 263 2638 omnia,
312 2602 424 2648 quae
452 2584 771 2633 beneficiorum
805 2605 896 2635 non
926 2590 1173 2649 vulgarium
1203 2591 1304 2636 loco
1327 2594 1602 2656 reponimur,

90 2654 297 2716 perpetui
337 2655 553 2716 temporis
592 2666 794 2703 mentem
830 2656 1098 2706 servabimus
1144 2657 1198 2704 ad
1247 2655 1393 2707 officia
1432 2660 1602 2706 summa

81 2721 241 2770 omnia
268 2718 526 2769 devinetam.

891 2789 922 2836 b
