1772 3158
121 149 292 199 LIBER
310 148 347 192 Ι.
378 147 503 193 CAP.
526 147 643 192 XIII.
683 149 736 193 A.
761 147 816 190 V.
843 148 891 193 C.
920 157 1040 202 943.
1079 147 1218 192 CHR.
1242 147 1307 192 N.
1339 157 1453 202 190.
1481 150 1595 202 ‚5'71

1430 228 1437 249 ἱ

84 281 133 317 τε
158 261 364 327 φονεύων,
385 252 484 312 ’καὶ
516 257 695 314 πάσαις
727 254 823 308 διοι-
859 268 984 312 venia
997 265 1212 322 occidens,
1237 275 1280 312 et
1304 266 1510 312 omnibus
1533 283 1604 312 ca·

85 336 250 396 Βῦλαῗς
271 333 428 407 ῥᾳδίως
448 333 681 395 πιῖεύωνυ,
711 330 824 400 μηδέ
860 343 1038 388 lumniis
1089 341 1212 395 facile
1261 342 1468 397 creden5‚
1524 359 1606 388 nec

85 434 180 462 τινα
227 412 502 482 πξσο-ιέμενος
553 413 636 459 τῶν
682 409 824 475 λέγω
862 434 1112 481 quenquam
1134 417 1366 464 admittens
1387 433 1438 463 ex
1467 417 1608 482 hone-

173 547 209 578 n)
230 545 296 575 MS.
318 543 371 574 Ba.
389 544 524 575 πιςεῦων·
556 543 595 580 μὶ
615 543 647 573 δέ
663 555 731 573 τινα
745 551 798 579 A„
833 550 871 574 ut
892 541 963 582 post
980 554 1045 573 mer.
1066 541 1224 583 pun-stum
1241 541 1274 572 ἱη
1294 543 1336 574 Α.
1360 550 1416 577 2..
1448 551 1536 585 quae
1566 548 1604 573 et

85 597 163 619 cum
185 586 296 626 socia,
330 589 367 619 it.
391 588 441 620 Bs.
464 589 506 620 al.
529 587 652 620 dividit
671 588 858 629 negativam
879 587 1051 623 similiter,
1076 587 1129 619 sed
1150 586 1205 618 hic
1221 587 1291 619 fine
1311 587 1419 619 lucro.
1526 592 1532 594 ⁷

82 697 208 734 schol.
222 723 232 739 ‚
258 699 323 746 qui
349 712 414 746 per
436 697 561 743 ὅμιλεῖν
583 699 769 747 explicat,
795 710 834 736 et
856 709 937 746 374,
957 711 1014 742 27.
1036 703 1107 741 τοῖς
1127 705 1296 746 nestero-oca
1316 705 1426 740 καλῶς
1448 702 1603 744 προσφέ-

81 763 217 794 ρονται,
261 748 345 796 πρὸς
377 752 412 785 δὲ
440 750 518 792 τούς
549 750 670 792 ἧσο-ους
706 757 838 795 μέτριοί
869 757 955 790 εἷο-ι,
997 760 1081 797 erga
1112 749 1315 797 superiores
1356 750 1452 784 reete
1477 746 1514 794 se
1542 758 1604 795 ge-

82 806 193 837 runt,
229 807 265 833 et
293 797 536 834 inferioribus
557 798 596 846 se
623 799 833 835 moderatos
859 800 1051 848 praebent,
1089 796 1176 834 sunt
1206 800 1313 834 verba
1342 798 1444 844 syn..
1479 808 1521 833 ut
1550 796 1605 832 se·

83 845 198 882 cundi
235 848 388 882 membri
417 847 577 884 formula
605 846 703 884 versa
734 848 804 889 est,
849 849 1042 896 quomodo
1074 846 1242 884 redditur
1273 846 1359 882 alias
1391 846 1451 882 illa
1493 842 1603 891 primi

82 894 203 931 nostra
219 919 229 936 ‚
272 909 366 942 quae
387 896 480 932 adeo
504 898 637 934 mutati
661 898 780 944 potest
802 897 840 933 in
862 910 896 932 v.
915 898 1020 933 subst.
1042 909 1124 933 cum
1159 909 1280 944 praep.
1313 907 1352 932 et
1375 895 1446 931 adi.
1481 894 1604 933 affine.

83 941 164 985 εῗνοιτ
184 941 302 983 ἔπιτον
324 944 408 991 τρι-ἒς
425 952 554 989 πάντας
568 973 577 988 ,
605 947 802 983 commode
823 947 975 994 quidem
995 946 1040 982 ad
1059 944 1275 982 nostratium
1297 943 1493 984 rationem,
1520 943 1606 978 mis-

84 993 245 1041 trauiscb
263 994 350 1042 seyn
366 1008 498 1042 gegem
532 995 641 1037 ficut,
677 996 777 1043 quod
798 997 878 1031 ind.
898 997 963 1033 Gs.
983 997 1068 1031 Cnr.
1091 995 1201 1041 ponit
1229 993 1358 1042 „quasi
1379 994 1419 1029 in
1442 992 1605 1040 aliquem

84 1041 206 1079 ferri“
235 1056 301 1090 per
333 1044 559 1086 se1bonum,
596 1046 718 1092 quoad
747 1045 1006 1085 notationem,
1051 1043 1113 1079 sed
1144 1042 1363 1080 destitutum
1384 1042 1606 1078 aust-oritate

83 1093 186 1133 Lae,
219 1103 263 1129 ut
284 1104 322 1129 et
339 1093 410 1129 hoc
436 1107 500 1140 per
519 1095 599 1131 vim
615 1093 734 1136 med.‚
764 1094 801 1128 in
823 1095 972 1141 aliquem
995 1092 1031 1128 se
1047 1093 1182 1138 ferre;
1212 1104 1254 1127 ur
1274 1103 1342 1126 nec
1361 1091 1517 1126 aliorum
1548 1091 1606 1136 ⁰f'

74 1143 188 1189 ferre
212 1141 247 1177 se
267 1143 378 1178 alicui
397 1144 544 1180 videtur
564 1143 720 1179 nostram
743 1142 940 1178 notionem
961 1153 1102 1182 tenere,
1131 1140 1391 1188 quanquamin
1412 1140 1484 1175 hnc
1498 1151 1602 1186 v.ap.

83 1192 131 1228 G.
156 1191 227 1227 Th.
251 1192 299 1227 est
322 1192 388 1227 Gr.
410 1192 570 1228 nostrum
592 1203 631 1228 et
649 1191 856 1237 explicandi
872 1192 976 1229 causa
998 1190 1197 1227 subiectum
1210 1190 1288 1225 Lat.
1302 1190 1478 1230 exhibere,
1508 1197 1600 1236 (quo

81 1242 161 1284 Stp.
183 1240 256 1276 Th.
277 1239 386 1276 etiam
409 1241 445 1276 in
468 1241 592 1277 nostro
613 1254 648 1277 v.
672 1240 786 1285 usus,)
805 1240 867 1277 sed
888 1242 927 1276 in
951 1243 1010 1288 ng.
1032 1241 1112 1276 adv.
1135 1251 1220 1275 cum
1244 1240 1312 1275 Gr.
1334 1251 1372 1274 n.
1403 1238 1453 1275 ib.
1481 1251 1501 1273 e
1522 1237 1603 1273 Liv.
1648 1243 1656 1249 “

81 1289 290 1330 miramini,
330 1303 394 1325 cur
425 1290 638 1327 diffidenter
657 1312 696 1323 —.
717 1291 855 1337 egerit,
888 1291 992 1336 quod
1014 1291 1078 1327 Gr.
1103 1289 1184 1326 adv.
1214 1299 1298 1324 cum
1327 1289 1451 1323 nostro
1473 1300 1507 1322 v.
1537 1285 1604 1334 qui

82 1338 175 1374 alins
196 1339 319 1381 daret,
359 1352 438 1375 non
459 1341 589 1382 habui,
618 1339 843 1385 adhibente,
877 1339 1011 1381 credo,
1047 1339 1182 1376 Nostro
1207 1351 1273 1385 pro
1303 1337 1460 1374 aliorum
1492 1336 1602 1383 privo

81 1400 116 1423 v.
139 1392 270 1427 ἂπιςεῖν
288 1387 487 1426 formulam
512 1391 588 1437 syn.
636 1392 677 1426 ln
700 1389 774 1436 sqq.
797 1390 860 1437 Eg.
881 1388 924 1424 ad
943 1393 1003 1434 ἔιφ.
1027 1398 1099 1434 <pom
1121 1388 1255 1424 delerit
1277 1386 1486 1423 libertatem
1498 1385 1542 1420 Ρ.
1564 1394 1604 1420 et

81 1437 283 1483 suamalibi
307 1440 389 1480 Vs,
431 1449 578 1475 tacente
601 1440 681 1486 Stp.
704 1440 777 1475 Th.
798 1441 910 1474 etiam
931 1439 970 1474 in
990 1438 1059 1474 adi.
1080 1440 1170 1479 πᾶς,
1202 1436 1322 1484 (quod
1342 1437 1378 1472 h.
1401 1437 1424 1470 l.
1451 1448 1517 1482 pro
1538 1446 1604 1470 ve-

80 1499 166 1526 rus,
196 1485 304 1523 falsus
318 1513 329 1528 ,
358 1500 396 1524 et
413 1500 430 1523 a
451 1501 680 1536 quocunque
701 1487 888 1534 profestos
902 1512 911 1528 ,
946 1488 1060 1524 etiam
1076 1500 1093 1521 a
1114 1499 1190 1522 non
1211 1485 1283 1522 fide
1305 1487 1450 1532 dignm)
1475 1485 1535 1520 sed
1559 1483 1602 1518 in

80 1535 186 1574 subst.
213 1539 303 1582 διαβ.
323 1537 420 1575 reste
441 1536 533 1575 illud
546 1538 654 1575 lsocr.
674 1543 738 1580 τὰς
753 1541 780 1575 δ.
803 1550 881 1574 non
900 1547 1070 1574 vertente
1087 1537 1304 1576 calumnias,
1330 1536 1377 1570 ob
1389 1533 1605 1570 adiunflum

81 1590 236 1628 ψευδεῖς,
264 1599 391 1622 verum
413 1588 672 1635 accusationes.
699 1587 762 1624 ubi
787 1586 917 1624 debuit
929 1587 1077 1628 addere,
1111 1598 1153 1621 ut
1165 1589 1415 1631 ν.διαβάλ).ειν,
1447 1583 1496 1619 ita
1511 1581 1601 1617 deri·

80 1645 209 1671 vatum
235 1635 321 1672 inde
343 1635 449 1673 subst.
469 1636 536 1672 effe
556 1637 700 1685 generis
720 1635 874 1672 univerfi
888 1660 898 1677 ,
935 1648 976 1672 ac
997 1634 1199 1684 fignificare
1220 1647 1372 1670 omnem
1396 1643 1603 1673 rumorem,

81 1685 239 1724 famam,
267 1686 393 1720 omnia
413 1685 506 1721 dista
526 1687 680 1721 aliorum
702 1685 748 1721 de
803 1685 868 1726 ''s,
896 1686 935 1721 in
959 1696 1101 1732 partem
1121 1697 1215 1727 una,
1251 1683 1298 1720 cf.
1320 1685 1410 1719 Krb.
1435 1684 1478 1718 ad
1494 1681 1603 1718 ΝΤ.

83 1745 118 1781 p.
135 1744 211 1776 127.
226 1745 271 1768 m.
286 1757 297 1773 ‚
325 1732 522 1770 ubi-limile
542 1734 682 1781 loseph.
711 1686 828 1777 „3135-
844 1736 941 1778 ψευδ.
961 1733 1113 1770 crimina
1124 1733 1258 1782 falsa“
1281 1733 1375 1768 bene
1389 1729 1602 1770 re‹lditum;

81 1794 238 1821 tenente
258 1783 305 1819 G.
326 1783 399 1818 Th.
431 1794 515 1819 cum
535 1784 602 1820 Gr.
623 1797 660 1819 n.
686 1783 764 1818 Lat.
788 1785 851 1830 Bg.
871 1783 975 1819 subst.
999 1793 1147 1820 tantum
1172 1783 1218 1818 de
1240 1783 1336 1817 malo
1355 1793 1392 1817 et
1411 1780 1503 1816 salso
1530 1779 1606 1814 ser-

81 1845 217 1871 mone,
247 1830 308 1868 sed
329 1844 407 1868 non
431 1842 625 1879 repetente
638 1834 676 1869 L.
693 1833 777 1868 Ern.
800 1834 912 1879 eStp.
934 1832 1024 1869 illud
1046 1835 1131 1880 fig„
1171 1831 1230 1867 sed
1249 1830 1349 1867 aliud
1370 1830 1441 1865 hoc
1463 1829 1602 1876 (ap.G.

79 1882 156 1919 Th.
180 1893 265 1918 cum
278 1883 341 1918 Gr.
355 1894 388 1919 n.
411 1881 538 1926 eriam)
567 1882 817 1923 „criminatio‚
838 1901 872 1907 -
891 1881 1138 1922 accusatio‚—
1158 1883 1235 1917 Cic.
1256 1880 1463 1915 criminatio
1481 1876 1602 1913 falsaw

81 1931 140 1968 cui
162 1931 254 1966 adeo
276 1942 393 1978 aeque
415 1929 474 1966 hic
493 1932 597 1968 locus
617 1931 688 1972 est,
717 1943 757 1966 ac
778 1930 958 1978 superiori
979 1930 1022 1966 ad
1043 1931 1185 1977 loseph.
1202 1955 1213 1971 ‚
1243 1929 1289 1964 cf.
1306 1929 1386 1966 lud.
1405 1930 1538 1968 Dem„
1563 1935 1603 1962 et

81 1982 127 2019 ad
150 1982 212 2016 Gr.
232 1979 312 2016 adv.
336 1979 411 2026 ῥαδ.
425 2006 436 2022 ‚
468 1981 518 2024 (b.
541 1981 564 2015 Ι.
583 1980 721 2022 statim,
756 1978 832 2017 fine
850 1980 1081 2028 cogitatione
1101 1981 1216 2016 multa
1240 1991 1278 2015 ct
1299 1976 1604 2026 investigatione,

79 2029 158 2066 fine
178 2030 405 2078 argumentis
430 2030 741 2078 documentisque
761 2030 888 2066 multis
909 2042 949 2065 ac
970 2030 1139 2078 magnis,)
1163 2042 1221 2076 ap.
1245 2029 1292 2065 G.
1309 2028 1381 2063 Th.
1405 2032 1554 2072 586,90.
1580 2037 1603 2060 e

81 2074 200 2118 Plaut.
228 2078 322 2114 Rud.
344 2091 374 2122 5,
398 2088 431 2125 3,
456 2092 508 2116 10.
529 2079 641 2129 isthuq
658 2079 768 2116 facile
789 2092 857 2114 non
883 2078 995 2115 credo
1015 2080 1105 2122 tibi,
1146 2078 1222 2115 fine
1243 2078 1376 2125 explic.
1391 2103 1402 2119 ,
1438 2087 1480 2113 ut
1501 2087 1540 2112 et
1562 2074 1604 2129 in.

81 2129 157 2170 N.‚
194 2128 232 2164 it.
250 2129 295 2163 ad
316 2129 403 2164 Ter.
426 2130 519 2165 Hec.
547 2141 579 2171 ι,
602 2141 682 2174 1,4.
710 2142 739 2173 ς,
762 2143 795 2174 4.
820 2141 876 2170 29.

130 2181 213 2223 μηδέ
234 2180 326 2225 τινα)
354 2178 603 2225 Rumpentem
623 2180 662 2216 P.
679 2177 876 2226 periodum
899 2176 1021 2214 Nostri
1041 2189 1079 2214 et
1097 2176 1310 2214 liberiorem
1335 2176 1370 2212 in
1391 2173 1603 2223 copulando

81 2225 216 2264 deserit
239 2228 299 2274 ssg.
315 2252 325 2268 ‚
354 2227 440 2264 dum
459 2231 538 2274 Stp.
558 2228 631 2264 Th.
656 2238 688 2274 3,
712 2233 814 2272 1546.
830 2229 876 2264 G,
892 2228 939 2274 sq.
963 2235 1016 2269 τὶς
1036 2227 1148 2264 habet
1169 2228 1283 2262 modo
1306 2239 1368 2273 pcr
1380 2222 1603 2271 Lanaliquir

81 2285 120 2313 et
138 2277 334 2325 quispiam,
362 2288 400 2313 et
422 2290 503 2313 cum
524 2288 606 2325 neg.
627 2279 676 2323 μιὶ
698 2276 772 2313 fine
788 2279 849 2314 Vs.
863 2302 873 2317 ,
900 2289 941 2313 ut
951 2279 997 2314 G.
1012 2276 1328 2323 'I'h.·„qur'spiam‚
1344 2294 1374 2302 -·
1397 2271 1496 2315 ἕνιος,
1525 2271 1602 2327 (sed

80 2327 168 2375 Eg..
200 2325 276 2362 fine
295 2326 381 2367 Gr.‚
407 2327 631 2372 explicatum
654 2328 734 2374 per)
757 2326 919 2375 aliquem
944 2326 966 2362 s.
989 2326 1372 2373 unumquemlibet,-—
1397 2335 1432 2359 ct
1445 2331 1603 2370 ponitur

79 2375 186 2422 saepe
207 2387 292 2411 cum
312 2374 522 2423 negativis‹‘
548 2376 623 2413 fine
642 2376 798 2423 explic..
834 2388 871 2412 at
889 2376 1024 2413 Schell.
1048 2375 1095 2412 de
1117 2375 1209 2422 stylo
1232 2388 1267 2421 p.
1284 2385 1365 2415 ²80·
1382 2386 1414 2408 e.
1450 2381 1527 2416 287-
1550 2382 1602 2407 m-

80 2426 150 2462 Nr.
176 2438 209 2470 9.
238 2438 328 2465 „nec
347 2426 437 2461 ultus
455 2424 480 2462 s.
504 2438 564 2462 nec
581 2427 765 2475 quisquam
789 2440 854 2475 pro
875 2438 913 2462 et
936 2432 1079 2461 ηωηοα
1110 2426 1209 2461 unde
1234 2423 1354 2460 variet
1376 2421 1602 2475 Noster-pro

80 2474 136 2517 xa.)
163 2477 279 2512 οὐδένα
305 2487 335 2516 ι,
354 2488 389 2520 4,
409 2487 491 2517 αι..
517 2474 565 2512 cf.
587 2476 634 2511 lb.
656 2477 688 2524 §.
710 2488 766 2511 20.
793 2476 866 2515 in.,
895 2475 1027 2511 silente
1047 2476 1093 2511 G.
1117 2475 1190 2510 Th.
1216 2473 1321 2521 plane
1353 2473 1399 2509 de
1430 2469 1606 2507 finitione

79 2536 209 2574 quam,
247 2536 318 2561 nec
338 2535 555 2571 exponente
573 2526 694 2574 piam,
731 2523 768 2561 in
791 2524 954 2561 tenebris
974 2525 1147 2571 palpante
1170 2525 1260 2559 Hor.
1278 2522 1386 2559 Turs.
1411 2534 1445 2569 p.
1466 2529 1547 2574 9133
1573 2531 1606 2573 e·
1636 2554 1640 2558 .

81 2585 123 2610 ac
143 2585 177 2621 p.
197 2571 246 2620 sq.
269 2587 341 2615 m..
369 2586 428 2610 me
447 2574 600 2619 quidem
623 2573 669 2610 fic
687 2576 938 2615 existimante.
976 2571 1137 2611 habuisse
1160 2571 1238 2608 istas
1260 2571 1450 2609 finitiones
1469 2570 1512 2606 ab
1535 2581 1608 2605 ini·

14 2639 15 2642 ¹
81 2622 138 2660 tio
159 2622 356 2659 notionem
382 2623 540 2674 aliquam
555 2649 566 2665 ,
593 2637 627 2660 ν.
649 2636 678 2659 c.
702 2636 766 2671 pro
781 2624 950 2672 prorsus,
974 2622 1000 2659 s.
1023 2622 1183 2659 omnino
1199 2648 1209 2664 ,
1236 2621 1259 2658 s.
1281 2633 1445 2670 cunque,
1469 2631 1506 2655 et
1522 2629 1608 2654 ean·

66 2673 168 2708 *dem
190 2684 276 2709 cum
297 2675 364 2709 Gr.
386 2669 440 2710 οὖν
455 2699 463 2713 .
496 2684 537 2709 ut
565 2673 836 2720 responderent
857 2672 928 2709 illis
946 2673 1144 2720 quicunque
1166 2684 1202 2708 et
1223 2672 1391 2719 quilibet,
1427 2676 1521 2716 (quo
1540 2668 1608 2705 Gsf

82 2732 170 2761 ante
193 2721 395 2769 respexerit
418 2722 454 2758 in
475 2723 538 2760 suo
559 2722 743 2770 compos.)
758 2735 852 2770 quac
875 2724 985 2770 notio
1006 2722 1145 2758 deinde
1172 2721 1337 2767 perierit,
1365 2721 1402 2756 in
1424 2717 1564 2766 primis·
1586 2715 1609 2756 fi

82 2770 170 2811 talia
192 2771 275 2820 post
293 2771 482 2822 negativas
503 2772 692 2819 adhibit23
730 2785 944 2825 quanquam
967 2782 1007 2812 et
1028 2783 1111 2813 tum
1129 2770 1232 2811 forte
1263 2771 1346 2822 quis
1373 2770 1452 2810 vim
1480 2776 1611 2807 eorum
