1798 3163
71 180 153 226 DE
172 175 556 223 HERODIANO
583 173 847 227 EIVSQVE
871 173 1031 219 VERS.
1059 173 1353 220 BERGLER.
1425 189 1589 222 xxxv

73 297 273 328 memorat,
307 297 419 334 quam
444 283 567 321 varios
588 281 689 320 casus
716 292 951 330 eventusque
979 281 1160 319 bellorum
1180 294 1264 320 cum
1285 281 1474 326 civilium,
1507 295 1589 322 tum

74 348 336 378 externorum,
369 344 465 382 quot
483 343 615 380 gentes
631 331 771 369 excitas
798 332 947 369 sedibus
976 331 1072 373 suis,
1103 343 1198 380 quot
1226 334 1319 368 mala
1343 334 1488 380 publica
1511 345 1588 375 tam

27 382 31 385 ¹
72 397 335 427 romanorum,
368 394 477 431 quarn
498 382 761 422 barbarorum,
797 391 894 429 quot
917 381 1083 428 denique
1107 381 1200 418 vitas
1228 381 1439 430 principum
1468 396 1507 421 et
1528 396 1589 434 ty-

71 447 299 476 rannorum,
329 431 421 468 adeo
441 443 558 468 novas
586 441 625 466 et
641 430 847 473 inauditas,
883 441 927 467 ut
945 431 1112 478 exempla
1133 429 1178 465 iis
1198 430 1347 474 similia,
1384 432 1465 469 aliis
1490 446 1587 472 tem-

72 485 224 534 poribus
244 484 302 518 vel
323 481 445 523 nulla,
481 481 540 516 vel
559 490 661 516 certe
679 492 814 526 pauca,
849 479 1090 526 reperiantur.
1143 481 1268 520 Quam
1290 481 1452 528 prudens
1473 483 1523 519 est
1543 485 1586 522 in

73 533 297 571 observanda
315 528 462 578 imperii
483 527 627 565 romani
647 528 789 570 forma,
824 529 936 565 huius
954 528 1136 575 temporis
1155 529 1236 565 fere
1258 531 1430 578 propria,
1466 545 1588 582 eaque

73 579 321 619 democratiae
343 579 515 621 militari,
550 590 661 625 quam
677 579 938 620 monarchiae,
970 577 1164 615 fimiliore:
1203 591 1312 626 quam
1334 592 1523 618 accuratus
1543 583 1588 621 in

70 628 342 680 patefaciendis
361 627 611 664 democratiae
633 627 790 664 huiusce
807 626 973 663 militaris
993 626 1112 664 initiis
1131 639 1171 665 et
1191 629 1402 677 progressu,
1436 629 1528 668 item
1547 633 1589 671 in

70 679 180 717 malis
200 678 290 714 inde
311 677 430 719 natis,
463 687 503 713 et
521 675 563 712 in
584 676 758 713 remediis
779 677 893 713 inodo
921 677 1118 725 prospere,
1157 677 1271 714 modo
1292 691 1416 726 parum
1439 680 1589 728 prospe-

69 742 134 770 re,
167 726 369 765 adhibitis?
409 727 455 762 Et
472 737 588 772 quum
607 725 646 761 in
670 723 822 774 gratiam
845 737 1058 774 graecorum
1087 724 1238 762 suorum
1267 728 1492 776 potiffimum
1520 744 1589 767 ro-

70 790 265 815 manorum
284 775 553 823 imperatorum
572 774 757 811 historiam
780 775 932 816 scribat,
965 787 1074 822 quam
1097 786 1184 822 apte
1204 776 1390 814 interdum
1412 780 1456 815 ab
1484 779 1587 817 insti-

69 839 159 865 tuto
189 826 254 864 suo
286 825 511 872 digreditur,
551 823 874 873 describendisque
902 836 1145 861 romanorum
1177 825 1308 863 ritibus
1337 839 1377 864 et
1402 828 1586 873 moribus,

71 876 138 926 qui
159 873 293 912 exteris
317 884 492 921 poterant
511 871 580 908 effe
599 872 808 920 incogniti,
834 884 1000 909 mentem
1019 873 1369 921 cogitationemque
1389 877 1589 916 intendit?

170 928 293 966 Quam
314 933 439 959 autem
458 921 606 959 dicendi
628 933 744 959 artem
762 932 823 958 tot
842 923 950 958 rebus
970 921 1077 970 gestis
1102 933 1254 971 tamque
1274 925 1384 962 variis
1406 926 1587 965 adhibue-

69 974 144 1018 rit,
171 972 380 1020 intelligere
401 971 550 1011 licebit,
584 969 608 1006 fi
629 970 858 1012 confideres,
893 982 1030 1018 quanta
1052 972 1250 1008 verborum
1272 973 1588 1024 locutionumque

71 1025 251 1061 varietate
272 1034 329 1058 res
351 1031 480 1057 natura
500 1019 560 1056 sua
576 1020 681 1065 saepe
701 1017 903 1056 simillimas
932 1018 1151 1056 distinxerit.
1216 1022 1338 1058 Verba
1357 1024 1392 1060 ei
1413 1023 1587 1063 facienda

73 1074 164 1111 funt
181 1071 291 1108 semel
311 1070 520 1116 iterumque
537 1067 584 1105 de
602 1067 811 1115 pestilentia
826 1094 837 1112 ,
865 1067 912 1105 de
934 1068 1056 1110 fame,
1089 1069 1135 1105 de
1149 1069 1185 1106 vi
1199 1071 1314 1108 aestus
1335 1083 1373 1108 et
1385 1073 1589 1113 vehemen-

73 1122 128 1159 tia
147 1120 316 1170 frigoris:
353 1118 475 1154 multo
494 1129 583 1153 vero
603 1115 842 1163 frequentius
865 1118 911 1154 de
929 1117 1176 1155 seditionibus
1190 1143 1200 1161 ,
1228 1120 1274 1156 de
1295 1122 1425 1163 bellis,
1464 1124 1511 1160 de
1527 1136 1590 1161 ur-

72 1171 182 1208 bibus
200 1167 365 1209 obseffis,
394 1165 441 1203 de
459 1166 564 1202 malis
583 1166 746 1214 denique
765 1178 1065 1214 purpuratorum,
1088 1168 1225 1216 quibus
1245 1170 1435 1218 principes
1455 1185 1590 1221 regen..

59 1220 142 1257 ⁴dos
161 1217 197 1254 se
220 1215 463 1265 permittunt,
488 1215 643 1252 artibus.
693 1215 739 1254 Jd
760 1216 864 1265 quod
885 1214 1034 1264 quoties
1053 1217 1086 1253 ei
1108 1216 1322 1256 faciendum
1344 1220 1405 1263 est,
1432 1233 1505 1258 tam
1527 1236 1590 1260 va-

70 1268 131 1305 rio
151 1267 351 1304 verborum
370 1276 505 1302 ornatu
523 1264 745 1302 idemtidem
763 1265 975 1303 orationem
995 1265 1095 1303 suam
1113 1268 1277 1315 expolit,
1312 1281 1385 1306 tarn
1407 1271 1588 1312 diversos.

70 1328 217 1364 eosque
235 1314 385 1357 suaves,
416 1315 536 1363 graeci
553 1314 734 1351 sermonis
752 1316 901 1354 colores
921 1315 956 1351 ei
975 1315 1103 1357 illinit,
1128 1328 1183 1358 ut,
1213 1329 1270 1353 res
1290 1329 1350 1355 tot
1366 1319 1498 1357 similes
1511 1333 1592 1363 tam

22 1403 34 1408 ,
71 1364 223 1403 diverlis
243 1363 365 1401 modis
383 1364 513 1401 variari
535 1363 656 1410 posse,
683 1364 817 1413 utique
839 1363 987 1401 mirere.
1036 1365 1125 1402 Sive
1144 1365 1260 1414 igitur
1282 1381 1408 1406 rerum
1429 1371 1589 1416 ipsarum

70 1416 252 1453 varietate
273 1413 345 1451 five
361 1414 560 1450 verborum
582 1414 786 1453 deleam,
822 1426 902 1451 non
923 1414 1064 1461 poterit
1083 1426 1119 1451 te
1139 1427 1221 1452 non
1244 1418 1454 1455 Herodiani
1475 1420 1588 1459 lestio

68 1463 302 1515 perfundere
319 1463 524 1510 voluptate.
575 1463 684 1500 Nihil
704 1463 789 1499 dico
808 1463 854 1500 de
871 1464 992 1511 tropis
1009 1474 1048 1500 et
1072 1462 1221 1512 figuris,
1256 1471 1456 1506 commode
1475 1471 1518 1506 ab
1538 1483 1588 1507 eo

69 1513 277 1562 usurpatis,
303 1511 399 1549 nihil
418 1511 465 1549 de
485 1511 624 1550 virtute
640 1512 699 1550 illa
717 1513 924 1556 orationis,
962 1525 1034 1561 qua
1061 1526 1117 1549 res
1135 1515 1259 1551 verbis
1281 1527 1458 1565 tanquam
1487 1519 1592 1556 colo-

70 1565 176 1602 ribus
207 1562 259 1600 ita
287 1561 567 1610 depinguntur,
603 1573 647 1598 ut
673 1561 856 1600 subiectae
876 1562 1057 1599 letiorum
1075 1563 1193 1600 oculis
1212 1564 1418 1604 videantur.
1468 1569 1590 1605 Mitto

69 1610 253 1653 sermonis
284 1610 482 1659 puritatem
511 1610 701 1653 Atticam,
742 1624 759 1647 a
784 1624 857 1659 qua
886 1624 967 1648 raro
995 1612 1157 1649 recedit:
1203 1614 1314 1652 mitto
1343 1617 1591 1664 periodorum

69 1660 393 1701 concinnitatem,
428 1662 626 1698 verborum
653 1660 849 1702 ordinem,
880 1660 1083 1698 iunstura‘m
1107 1673 1146 1699 et
1175 1676 1399 1710 numerum,
1436 1665 1593 1705 senten-

70 1711 208 1749 tiarum
231 1709 470 1758 gravitatem,
496 1721 535 1746 et
553 1711 693 1758 reliqua
712 1710 876 1759 denique
897 1710 1044 1754 omnia,
1070 1723 1163 1760 quae
1182 1713 1256 1748 hoc
1278 1714 1414 1752 habere
1433 1717 1590 1755 credun-

71 1772 157 1802 tur,
190 1771 232 1796 ut
248 1757 418 1795 historiae
438 1758 578 1807 aliquid
607 1759 794 1796 suavitatis
815 1760 1033 1796 concilient.
1102 1762 1206 1798 Haec
1236 1763 1382 1806 omnia,
1420 1765 1591 1813 inquam,

71 1808 198 1847 mittoss
249 1807 358 1844 Libet
376 1810 531 1854 paucula
551 1810 728 1846 duntaxat
747 1821 856 1846 acute
875 1808 1136 1858 graviterque,
1173 1810 1248 1848 fine
1266 1813 1347 1849 ullo
1375 1825 1499 1851 tamen
1527 1815 1592 1853 fu-

74 1870 143 1899 co,
181 1856 275 1892 dista
294 1857 485 1904 attingere.
547 1859 619 1894 Cui
639 1871 721 1895 non
742 1858 852 1895 suave
872 1859 921 1895 est
940 1860 1086 1906 legere,
1119 1861 1378 1908 Aquileienses
1399 1865 1503 1900 omni
1528 1877 1591 1906 ae-

75 1918 168 1944 nere
188 1904 440 1941 machinarum
461 1918 479 1940 a
499 1906 708 1943 Maximino
733 1918 971 1955 oppugnatos
991 1919 1067 1943 tam
1087 1908 1240 1946 fortiter
1260 1911 1446 1956 restitisse,
1473 1925 1515 1950 ut
1527 1907 1592 1951 'vi-

74 1955 230 1992 deretur
251 1952 403 1990 tandem
421 1960 546 2001 ςρατὸς
564 1959 662 1992 δοκῶν
679 1961 863 2002 πολιορκεῖ]
879 1959 981 1997 αὐτὸς
1000 1961 1251 2005 πολιορκεῖσθαι]
1271 1961 1370 2002 Vlll,
1395 1974 1425 2005 ς,
1443 1973 1495 2007 13.
1517 1963 1592 1999 hoc

75 2004 151 2046 est,
177 2015 219 2039 ut
238 2001 378 2039 obfidio
399 2003 586 2041 videretur
606 2003 644 2039 in
667 2004 876 2041 obfidentes
895 2005 1005 2040 versa.
1060 2008 1186 2052 Qum
1206 2011 1231 2048 Ι,
1245 2022 1280 2054 4,
1304 2021 1360 2045 20.
1390 2012 1525 2049 luaum
1545 2026 1593 2051 ex

76 2053 186 2090 obitu
208 2052 321 2089 Marci
343 2051 530 2088 Antonini
548 2063 671 2089 narrat
685 2078 695 2094 ‚
728 2065 860 2090 omnes
880 2053 933 2090 ait
951 2054 1127 2091 nuntium
1151 2058 1196 2093 de
1216 2056 1450 2104 imperatoris
1472 2074 1592 2100 morte

76 2100 386 2141 multislacrimis
403 2101 602 2146 excepisse,
641 2114 802 2149 eumque
824 2114 954 2138 omnes
975 2103 1079 2140 velut
1097 2117 1170 2140 una
1194 2118 1307 2148 voce,
1347 2107 1440 2145 alios
1461 2124 1592 2158 paren-

77 2163 154 2190 tem
173 2150 351 2197 probum,
386 2149 479 2187 alios
501 2152 642 2188 bonurn
662 2152 945 2199 imperatorem,
978 2154 1158 2200 quosdam
1178 2153 1415 2194 fortiffimum
1442 2160 1592 2204 ducem,

75 2200 282 2239 nonnullos
296 2200 408 2236 etiam
434 2201 693 2237 continentem
715 2201 1025 2249 moderatumque
1048 2203 1255 2250 principem
1273 2207 1458 2244 vocitasse.
1510 2210 1593 2248 Post

78 2250 204 2292 addit,
236 2260 358 2297 neque
379 2249 463 2285 sane
481 2262 705 2297 quemquam
723 2249 853 2287 falsum
882 2250 1048 2287 habitum
1080 2251 1194 2288 fuitse.
1254 2255 1414 2294 Dubites
1443 2259 1504 2295 ista
1537 2261 1592 2297 le·

105 2311 191 2341 ens,
224 2311 271 2335 an
289 2297 354 2335 ulli
374 2311 536 2347 unquam
560 2301 767 2347 principum
788 2300 909 2336 oratio
930 2299 1098 2337 funebris
1119 2302 1241 2339 habita
1261 2301 1398 2347 fuerit,
1437 2319 1501 2344 aut
1527 2310 1593 2346 ha-

79 2310 160 2386 geri
183 2347 312 2395 potiit,
338 2359 587 2385 commortuo
605 2347 936 2386 honorificentior,
965 2360 1044 2386 tum
1065 2352 1108 2387 ad
1132 2362 1271 2400 gratam
1293 2356 1496 2392 memoriae
1514 2357 1593 2396 cius

80 2397 443 2446 benevolentiaeque
471 2399 814 2440 conservationem,
850 2398 1028 2445 limulque
1055 2402 1099 2436 ad
1127 2401 1378 2440 imitationem
1403 2418 1595 2446 commen-

80 2445 266 2488 dandam,
300 2447 436 2494 aptior.
491 2450 610 2489 Quam
632 2448 750 2496 gravis
770 2448 820 2484 est
841 2460 912 2483 vox
936 2449 1152 2495 Pompeiani
1174 2452 1202 2492 1,
1220 2456 1255 2489 6.
1281 2464 1334 2498 ¹4·
1361 2454 1456 2492 Ἐκεῖ
1472 2457 1595 2497 τε“ι>ὦ.

77 2511 149 2544 μη.
181 2494 264 2533 ὅπου
284 2502 455 2542 βασιλεύς.
514 2499 606 2534 Ecce
636 2497 704 2534 tibi
726 2497 882 2545 paucula
904 2498 1035 2538 verba,
1070 2497 1132 2534 sed
1154 2499 1330 2545 aptiffima
1357 2504 1594 2555 admagnam

80 2545 182 2582 illam
201 2546 449 2583 mutationem
467 2546 724 2588 indicandam,
764 2557 873 2594 quam
905 2546 1102 2592 imperium
1134 2561 1329 2587 romanum
1358 2553 1401 2589 ab
1422 2567 1467 2591 eo
1499 2569 1596 2595 tem-

81 2605 176 2643 pore
195 2593 327 2636 subiit,
355 2608 472 2642 quum
495 2596 644 2633 libertas
665 2595 829 2642 expirare
850 2595 999 2641 coepit,
1036 2597 1265 2646 potestasque
1285 2603 1414 2647 populi
1430 2615 1467 2642 et
1489 2606 1593 2645 sena.

81 2653 143 2680 tus
171 2643 441 2686 circumscribi,
485 2657 642 2691 totaque
670 2657 726 2681 res
755 2645 799 2680 ab
828 2644 938 2680 unius
969 2645 1167 2682 voluntate
1203 2649 1385 2697 principis
1417 2655 1593 2700 pendere,

79 2691 186 2729 Olim
210 2693 323 2730 Roma
343 2692 485 2735 suerat,
530 2694 590 2729 ubi
619 2705 794 2730 romanus
823 2695 1009 2742 populus,
1047 2695 1110 2731 ubi
1133 2697 1290 2734 Martius
1313 2711 1486 2748 campus,
1528 2708 1592 2744 ubi

75 2739 247 2791 equester
270 2741 389 2787 ordo,
432 2741 496 2780 ubi
514 2743 646 2787 rostra,
685 2742 820 2786 ovilia,
856 2744 1026 2788 senatus,
1060 2745 1174 2785 curia.
1234 2748 1351 2786 Nunc
1380 2751 1592 2796 incredibili
