1798 3163
122 137 292 188 LIBER
313 138 348 182 Ι.
387 136 511 183 CAP.
532 134 609 180 VI.
653 137 707 183 A.
734 134 790 179 V.
815 134 863 181 C.
892 144 1014 190 933.
1053 134 1191 179 CHR.
1214 134 1277 179 N.
1301 137 1417 183 180·
1466 139 1562 188 183

53 253 247 323 φθεῖςειν
291 252 514 321 ἒπέὀξῶντο
564 247 644 302 νέω
683 245 793 304 ἦθος
828 268 1037 319 rumpere
1068 237 1338 301 conabantur
1371 264 1568 302 teneram

50 401 200 452 quidem
222 402 318 448 (non
337 413 425 437 vero
445 399 583 436 amicos
603 397 838 446 imperatoris
861 396 893 444 §.
909 411 961 445 pr.
974 424 985 441 ,
1017 396 1119 434 forte
1149 411 1189 436 et
1208 399 1308 445 ipsos
1328 400 1408 436 Lat.
1432 399 1565 436 aulicos

50 450 304 500 appellandos,
328 448 441 487 nobis
462 448 647 497 Hofleute,)
667 448 727 483 hic
744 448 933 495 intelligO,
961 460 1016 482 res
1036 448 1134 483 domi
1154 449 1317 488 viliores,
1348 449 1474 488 velles,
1498 460 1566 484 cu-

49 501 194 542 bicula,
222 501 287 537 rel⁴
311 510 502 540 curantes,
529 498 631 545 (qui,
664 510 749 533 cum
776 497 922 542 saepius
952 496 1066 535 essent
1094 510 1150 543 ap.
1175 497 1462 543 imperatorem,
1502 496 1564 532 in-

48 550 197 604 terdum
217 560 257 586 et
277 548 364 590 soli,
398 547 614 584 facultatem
643 548 726 583 sane
759 547 970 583 habuerunt
998 546 1169 583 idoneam
1205 549 1250 585 ad
1281 547 1446 584 animuin
1477 547 1561 582 eius

48 599 389 644 corrumpendum.)
411 608 498 639 cum
527 596 560 634 is
589 597 672 633 usus
698 598 762 635 τσῦ
784 602 912 639 οἰκέτης
944 594 987 632 fit
1009 608 1061 642 api
1085 596 1194 632 Nostr
1234 609 1456 643 perpetuus.
1488 606 1561 630 nec

46 651 164 690 alter,
191 660 259 696 pro
281 647 399 683 amico
419 645 544 695 regin,
574 644 726 682 aliunde
747 646 839 681 mihi
863 657 996 685 norus;
1035 657 1244 694 quanquam
1271 646 1366 687 scio,
1403 644 1472 680 effe
1497 645 1560 679 in·-

45 697 192 735 terduin
217 695 405 733 honestius
432 696 663 742 leniorisque
683 694 915 731 conditionis
936 707 1076 731 nomen
1099 708 1139 730 ac
1163 697 1293 736 latius,
1327 707 1435 742 quam
1464 693 1558 729 servi

43 758 87 784 et
104 742 242 793 δοῦΜᾳ,
269 744 316 780 cf.
339 748 420 792 Stp.
440 746 536 789 Th.,
564 746 627 793 qui
647 757 685 780 er
702 743 772 779 iam
791 744 901 780 habet
924 744 1022 779 auid.
1047 757 1077 787 ς,
1101 749 1182 791 663.
1206 759 1275 785 m..
1303 757 1380 780 nou
1403 743 1487 778 coll.
1509 741 1558 778 ad.

43 796 132 833 Hes.
156 808 191 835 2,
211 794 333 840 724.i.
365 799 449 838 726.
469 793 513 834 ἰ,
551 796 630 832 lnd.
660 795 756 831 Xen.
786 795 872 838 Cyr.
906 794 971 834 Z.,
1009 807 1072 840 par
1099 805 1142 829 ut
1173 794 1215 830 iit
1241 795 1314 833 Lat.
1344 792 1559 840 domestisus,

45 858 82 883 v,
102 847 150 882 G.
171 845 266 886 Th„
292 857 348 890 ap.
371 856 481 892 quem
501 842 576 879 fine
599 844 663 880 Gr.
689 843 878 885 „famulin
899 865 938 871 -—
958 845 1109 878 aulicum
1129 844 1245 889 Spart.
1264 841 1557 891 appellarfamu·

42 895 103 932 los
123 906 257 929 omnes
275 893 537 937 Imperatoris“
565 905 584 928 a
602 893 708 930 cuius
727 891 935 929 consiliariis
956 893 1050 928 intra
1069 891 1100 938 §.
1123 905 1179 928 22.
1208 894 1304 929 clare
1323 891 1559 938 distinguun-

45 956 106 980 tur
125 949 155 979 οἱ
177 950 251 988 περὶ
271 942 373 980 αὐτ-δν
393 946 596 989 θεράποντες
610 967 620 984 ,
647 943 709 990 qui
731 942 828 977 idem
849 953 932 978 cum
954 940 1106 983 nostris,
1132 955 1199 989 per
1218 941 1464 977 variationem
1478 967 1485 979 ,
1514 951 1558 977 ut

44 1004 84 1029 et
105 994 205 1029 Suid.
221 991 384 1028 nostrum
402 997 462 1029 οἰκ.
481 991 684 1037 explicabat
707 991 730 1026 l.
750 990 800 1032 Ι..
835 990 883 1026 cf.
903 990 988 1027 Hes.
1013 1002 1044 1031 1,
1068 993 1171 1034 ¹699-
1199 1004 1246 1027 m.
1267 992 1405 1036 Βέςκψ,
1445 992 1559 1035 &seh-o

45 1059 134 1084 πων,
160 1047 301 1083 οἰκέτης.
329 1043 454 1081 δοῦλος,
480 1041 540 1075 sed
560 1042 599 1076 L.
622 1041 666 1076 N.
689 1041 734 1075 T.
761 1039 877 1077 Schw.
900 1052 932 1085 p.
955 1049 1037 1081 528,
1062 1039 1109 1074 N.
1134 1051 1162 1075 ι.
1194 1051 1237 1076 ex
1266 1039 1301 1074 h.
1321 1040 1343 1074 l.
1375 1038 1558 1084 „irrepse-

43 1102 134 1127 runt
152 1101 268 1126 autem
288 1090 377 1126 servi
403 1090 537 1136 aliqui,
572 1089 673 1125 aulae
689 1088 906 1136 praepositi“
936 1100 1007 1123 nec
1032 1087 1129 1124 reste
1158 1099 1330 1130 vertens,
1362 1100 1433 1123 nec
1454 1087 1557 1124 reste

42 1152 261 1188 comparans
279 1141 321 1176 ad
339 1140 466 1175 locum
491 1138 538 1174 N.
562 1140 629 1180 T„
655 1149 696 1174 ut
715 1148 755 1173 et
773 1138 931 1173 dubitari
956 1138 1094 1183 potest,
1123 1136 1226 1186 quod
1251 1138 1293 1173 ad
1311 1138 1354 1174 L.
1375 1137 1454 1173 Bos.
1483 1135 1552 1172 eli.

35 1201 130 1238 p.92
158 1201 187 1223 e.
203 1187 374 1223 censetur
403 1188 470 1227 „in
488 1193 617 1230 οἰκέτης
635 1187 738 1233 saepe
760 1188 877 1228 δσῦΛσς
900 1186 1118 1225 subaudiri⁴‘
1143 1199 1228 1224 cum
1249 1200 1312 1234 per
1329 1187 1365 1224 se
1382 1187 1421 1222 sit
1441 1184 1550 1222 subst.

90 1239 276 1283 διαψθεις.)
303 1237 387 1274 Sch.
408 1236 446 1272 in
473 1253 544 1278 „va
563 1235 764 1273 iuvenilem
784 1236 959 1272 ina'olem‘s
987 1237 1057 1276 adi,
1080 1237 1152 1273 hoc
1171 1236 1310 1273 ducens
1329 1249 1349 1272 e
1369 1235 1472 1272 subst.
1498 1235 1553 1278 P„

37 1288 176 1323 iuvenis
199 1286 434 1333 imperatoris
453 1287 619 1328 indolem,
645 1285 747 1333 quod
767 1285 926 1334 aliquem
952 1284 1113 1328 deducat
1131 1300 1201 1327 eo,
1224 1296 1266 1322 ut
1283 1297 1412 1332 putet,
1444 1284 1553 1322 illum

38 1334 200 1372 habuisse
223 1335 348 1382 potius
365 1342 458 1379 νέου,
485 1335 523 1371 in
546 1348 652 1383 gen„
676 1337 720 1372 ad
743 1343 825 1381 {3oeoe-
846 1336 1022 1375 selamim
1049 1335 1116 1371 nili
1140 1348 1283 1372 memor
1304 1333 1553 1371 sit-libertatis

36 1384 137 1422 istius
156 1387 277 1431 lntp.‚
304 1385 366 1432 qui
385 1384 484 1421 forte
506 1384 677 1426 nescivit,
703 1387 894 1432 quomodo
916 1384 1136 1423 conciliaret
1155 1393 1224 1423 νέον
1243 1397 1326 1421 cum
1351 1384 1402 1426 49,
1420 1408 1431 1424 ‚
1455 1396 1553 1431 quo-

35 1435 153 1472 modo
189 1435 319 1471 eadem
348 1446 404 1470 res
433 1434 632 1481 impedivit
663 1436 798 1481 Vera,
840 1446 884 1471 ut
910 1433 1015 1482 simpl
1053 1435 1274 1474 redderent.
1311 1435 1378 1469 den
1405 1431 1554 1483 junget!

36 1487 161 1522 Herrn
178 1504 188 1521 2
224 1495 308 1520 cum
333 1496 456 1520 tamen
479 1483 694 1521 haberemus
713 1483 882 1522 {imiliter
893 1486 958 1520 das
977 1497 1077 1521 zarte
1099 1485 1249 1520 Gemiith
1270 1484 1294 1520 s.
1309 1485 1420 1523 Herz.
1445 1481 1550 1529 quod

35 1533 108 1572 esse
130 1533 212 1576 ἤθη
241 1532 377 1570 distum
395 1532 433 1568 in
455 1535 540 1569 Exc.
561 1533 606 1569 ad
636 1547 664 1573 i,
687 1547 719 1576 2,
738 1537 771 1569 6.
786 1558 798 1575 ,
826 1545 868 1570 ut
884 1533 955 1570 adi.
976 1540 1044 1577 νέος
1063 1546 1146 1570 cum
1168 1536 1230 1582 Bg.
1255 1534 1331 1569 Lat.
1359 1532 1468 1570 etiam
1491 1545 1554 1578 ap,

35 1586 116 1630 Stp.
135 1582 208 1618 Th.
230 1595 265 1621 2,
287 1591 394 1622 1028.
416 1584 464 1619 G.
486 1596 516 1619 e.
542 1583 715 1625 aliunde,
749 1583 846 1620 nihil
867 1582 984 1619 fimile
1003 1582 1222 1619 afferentem
1247 1583 1296 1619 ib.
1326 1593 1388 1619 aut
1414 1581 1451 1617 in
1475 1581 1553 1623 »ἔθη

36 1632 147 1680 quale
164 1631 255 1679 quid
275 1644 398 1668 tamen
422 1632 496 1668 lnd.
526 1633 566 1669 R.
590 1635 656 1669 Or.
681 1635 724 1668 V.
745 1637 777 1668 6.
802 1646 838 1680 p.
859 1641 939 1678 849.
959 1633 982 1669 i.
1011 1633 1088 1674 τούς
1109 1629 1160 1670 ἔτι
1181 1639 1271 1674 νέους
1294 1640 1348 1669 καὶ
1368 1639 1454 1673 νέαις
1471 1635 1554 1673 ταῖς

37 1685 192 1722 δια-,εἵως
209 1688 399 1727 χρωμένους
414 1707 426 1722 ,
453 1682 510 1717 ed.
535 1683 651 1718 Marb.
677 1681 759 1730 Lys.
784 1696 817 1729 p.
838 1691 917 1727 380.
936 1696 967 1719 e.
992 1682 1176 1719 iuvenibus
1195 1692 1234 1718 et
1250 1682 1403 1718 iuvenili
1419 1680 1553 1723 animo

0 1746 1 1757 π
37 1729 368 1777 obsecundantibus,
395 1731 462 1766 hac
484 1732 528 1766 de
547 1731 582 1766 vi
605 1744 640 1767 v.
660 1748 718 1777 χρ.
745 1742 891 1768 tacente
911 1731 995 1768 Rsk.
1021 1731 1127 1775 1nd.,
1150 1743 1221 1780 qua
1238 1743 1309 1767 nec
1329 1743 1438 1778 opus,
1465 1741 1554 1767 cum

40 1790 155 1826 aeque
175 1778 352 1825 procedat
370 1780 510 1828 vulgari
530 1779 649 1821 sensu,
678 1793 742 1827 pro
761 1781 918 1822 habere;
953 1794 994 1817 ur
1012 1792 1138 1818 tamen
1158 1792 1197 1817 et
1216 1781 1250 1817 h.
1270 1781 1294 1816 l.
1316 1780 1468 1820 reddas,
1496 1779 1553 1814 iu-

38 1828 191 1864 venilem
209 1827 374 1864 animum
396 1829 646 1876 imperatoris,
672 1830 694 1865 i.
715 1842 794 1865 non
816 1839 890 1865 tam
908 1831 1061 1872 rudem,
1092 1830 1260 1879 ignarum
1283 1841 1322 1866 et
1339 1842 1461 1867 rerum
1484 1827 1550 1869 usu

39 1885 251 1917 carentem,
279 1888 387 1923 quam
405 1876 596 1914 credulum
619 1888 658 1913 ct
676 1891 845 1919 cereum,
872 1878 1051 1920 flexilem,
1077 1879 1228 1917 mollem
1250 1878 1289 1921 in
1309 1891 1442 1915 omnes
1462 1891 1549 1926 par-

38 1937 98 1963 tes
120 1937 160 1960 ac
180 1925 339 1968 formas,
375 1925 415 1962 it.
449 1925 648 1972 prodirem
678 1929 720 1963 ad
753 1927 841 1963 vitia
865 1939 998 1975 resque
1015 1928 1160 1970 suaves,
1188 1940 1283 1974 quae
1307 1940 1346 1965 et
1370 1927 1550 1974 deinceps

38 1986 311 2016 memorantur;
339 1975 472 2022 quibus
491 1975 528 2011 in
548 1976 711 2013 animum
727 1977 938 2014 Commodo
959 1976 1175 2014 revocandis
1195 1976 1470 2026 pingendisque
1487 1988 1552 2013 cu·

40 2023 234 2071 piditarem
254 2023 288 2060 ei
307 2027 614 2067 commovebant,
640 2037 682 2062 ut
699 2038 719 2061 a
738 2025 846 2062 rebus
864 2025 965 2061 seriis
978 2051 987 2069 ‚
1024 2025 1251 2074 gravioribus
1272 2039 1310 2063 et
1328 2023 1548 2062 molestiori-

38 2074 107 2110 δας
125 2084 336 2109 avocaretur
355 2075 398 2110 ad
420 2076 625 2119 voluptates
644 2087 681 2110 et
698 2074 809 2117 vitia,
835 2076 937 2122 quod
957 2075 1018 2112 hic
1041 2074 1094 2111 dr.
1116 2075 1271 2111 animum
1289 2076 1369 2111 eius
1388 2087 1550 2112 cori-um*

35 2133 142 2174 pere,
167 2123 192 2159 i.
213 2122 431 2169 depravare.
459 2122 633 2160 vitiosum
656 2124 831 2165 reddere,
864 2123 971 2161 malis
999 2123 1158 2171 implere
1188 2135 1227 2160 et
1244 2124 1549 2172 cogitationibus,

38 2171 258 2213 sententiis,
294 2171 460 2213 iudiciis,
495 2183 533 2208 et
553 2173 821 2221 cupiditatibus
840 2173 1099 2222 motibusque3
1133 2185 1175 2210 ut
1192 2174 1238 2209 G.
1260 2174 1332 2209 Th.
1360 2173 1550 2215 „tenerim

36 2233 131 2259 re—
150 2222 289 2264 animo,
314 2221 335 2258 i.
361 2220 540 2265 molliori,
559 2240 600 2249 -·
620 2223 708 2260 anni
730 2223 868 2265 teneri,
904 2221 926 2258 i.
950 2223 1132 2270 pueriles,
1170 2224 1292 2271 (quod
1321 2235 1384 2271 par
1413 2223 1471 2259 illi
1493 2235 1546 2269 pr.

38 2270 230 2311 iuvenilis.
256 2283 327 2307 nec
344 2282 467 2307 tamen
488 2283 572 2307 cum
592 2272 699 2308 subst.
720 2274 784 2321 ΒΕ.
798 2295 810 2313 ,
848 2271 951 2320 quod
981 2271 1032 2308 ibi
1052 2284 1130 2308 non
1159 2272 1208 2309 est
1227 2271 1361 2312 diserte
1383 2285 1448 2319 pro
1468 2272 1549 2307 ani-

35 2332 124 2361 mo,
151 2331 193 2356 ut
212 2332 282 2356 nec
300 2333 364 2367 per
385 2319 511 2362 lndd.,
536 2333 601 2366 pro
621 2334 697 2369 quo
719 2334 844 2359 tamen
865 2321 969 2368 saepe
989 2320 1166 2368 ponitur,
1191 2333 1228 2358 et
1248 2321 1310 2357 hic
1328 2333 1346 2356 a
1364 2324 1423 2369 ng.
1446 2320 1546 2358 haud

36 2368 173 2410 dubie,
199 2368 276 2416 sed)
288 2379 487 2418 corrumpo,
512 2375 654 2418 φθείςω,
681 2374 822 2417 ὃιαφθ..
840 2391 879 2400 --
906 2382 1028 2412 totum
1049 2383 1241 2417 rumpere,
1266 2370 1423 2411 vitiare“
1451 2383 1547 2419 quae

35 2416 94 2457 vis
111 2418 267 2456 Latinae
285 2431 406 2467 praep.
427 2430 467 2456 et
484 2419 523 2457 in
544 2421 610 2458 Gr.
628 2433 691 2468 per
710 2419 745 2456 se
762 2420 885 2462 cadit,
919 2432 984 2468 pro
1009 2430 1154 2461 totum,
1191 2419 1302 2467 plene
1320 2419 1476 2469 perdere
1505 2431 1549 2455 ae

35 2479 190 2516 pravum
210 2467 386 2510 reddere,
413 2467 475 2505 sed
496 2470 532 2506 h.
554 2469 577 2505 l.
598 2470 794 2510 redundat,
823 2469 872 2506 cf.
898 2482 930 2511 ι,
949 2483 985 2516 4,
1010 2481 1062 2505 ιε.
1083 2463 1134 2506 m'.
1152 2472 1262 2512 διαπ,
1285 2469 1324 2505 in
1346 2468 1475 2516 primis
1497 2469 1548 2506 ob

24 2528 73 2559 1,
86 2524 122 2560 8,
136 2528 166 2561 5.
181 2531 212 2553 e.
226 2540 238 2558 ,
265 2515 357 2554 ficut
375 2529 414 2557 er
431 2519 511 2555 Lae.
530 2518 623 2555 illud
645 2532 711 2566 pro
731 2518 848 2567 simpl.
869 2518 1067 2566 depravare
1085 2517 1262 2566 ponitur,
1295 2518 1480 2557 sufficiens
1505 2518 1548 2556 in

35 2565 104 2603 Gr.
127 2567 249 2602 nostro
270 2567 474 2611 vertendo,
510 2580 720 2615 quanquam
744 2581 788 2605 ex
815 2568 882 2604 alia
907 2581 1028 2617 praep.
1056 2566 1328 2616 compositum,
1367 2579 1452 2603 cum
1472 2569 1549 2605 Lat.

34 2615 193 2664 propius
213 2614 424 2665 disperdere,
451 2618 495 2655 ab
517 2616 597 2665 ipso
616 2620 678 2667 Bg.
697 2618 736 2654 in
761 2618 826 2655 Gr.
849 2617 975 2654 nostro
999 2630 1030 2658 i,
1047 2629 1104 2661 17,
1125 2626 1157 2658 8.
1172 2629 1204 2652 e.
1224 2617 1445 2657 adhibitum,
1469 2627 1549 2653 non

33 2663 82 2700 fic
102 2665 150 2702 de
171 2665 299 2701 animo
318 2664 538 2711 usurpetur,
563 2678 776 2715 quanquam
797 2668 930 2704 eodem
949 2665 1074 2704 ferens
1094 2665 1187 2702 etad
1204 2664 1402 2703 notionem
1416 2664 1550 2713 simpl..

35 2713 101 2760 (cf.
125 2715 171 2750 G.
190 2715 284 2759 Th.)
308 2726 351 2752 ut
370 2713 504 2755 diserte
523 2716 661 2754 Thom.
682 2718 736 2753 M.
757 2729 789 2764 p.
806 2726 888 2763 230.
908 2715 985 2763 sqq.
1003 2717 1190 2763 zai-psam,
1219 2721 1292 2754 ἀντὶ
1316 2718 1376 2754 τεῦ
1394 2712 1552 2761 ἕφξὶεεςε,

35 2762 87 2799 Of·
109 2762 195 2802 lnd.
216 2765 259 2802 Z.
278 2765 372 2803 Xen.
391 2765 481 2814 Cyr.
503 2776 542 2808 et
561 2766 666 2804 nach.
691 2779 776 2804 cum
797 2765 876 2815 syn,
894 2762 1024 2811 ψυχιῖτ.
