1772 3158
488 90 787 157 ExcvRsvs
825 91 909 135 AD
947 90 1092 136 ΗΒΚ.
1121 92 1157 155 1.
1471 101 1577 146 759

64 201 230 258 ..legitimi
255 201 454 259 prige-iper,
489 213 566 257 quo
590 213 669 239 uno
689 203 783 238 Lat.»
798 201 901 238 subst.
929 200 1053 237 reddit
1080 201 1116 236 h.
1134 199 1159 237 l.
1181 200 1240 242 P..
1275 198 1336 236 sed
1355 200 1419 248 Eg.
1431 211 1575 248 -regum,

70 263 254 292 notione,
283 263 439 297 opinor,
461 253 627 303 univers?
646 263 684 287 et
705 251 848 292 latiori,
873 263 942 297 pro
960 243 1235 295 afiministrante
1253 250 1486 295 aruph-cum
1506 248 1577 286 ho·

67 305 165 335 no're
185 299 349 341 summO,
375 307 426 336 ‘ut
453 299 563 336 etiam
594 300 916 349 pertinererqueat
944 299 989 335 ad
1017 299 1260 343 imperatores
1281 298 1491 339 Romanos,
1524 298 1574 334 de

71 348 207 395 quibus
227 348 379 385 adhibet
395 347 480 395 qlihi
499 350 562 396 Bg.
590 348 785 396 deinceps,
818 349 865 395 gf.
894 349 939 385 ad
960 349 1048 384 Luc.
1065 361 1100 386 2.
1120 350 1201 393 386.
1221 347 1272 382 N.
1296 358 1351 391 14.
1376 357 1415 381 ct
1432 347 1572 393 Spanh.

69 398 118 434 de
143 398 200 432 Pr.
220 407 258 433 et
279 409 313 433 u.
333 410 370 433 n.
391 397 486 433 T.2.
508 410 544 443 p.
563 407 644 442 397.
665 398 714 444 sq.
741 410 896 445 „neque
911 417 949 425 —
965 395 1281 436 Herodianus'-‚
1319 395 1382 441 qui
1403 394 1572 441 optimus

66 445 225 493 scriptor
244 458 261 479 a
285 451 419 494 magno
441 447 656 482 Casaubono
675 447 749 482 dici
769 445 924 488 meruit,
958 445 1036 482 aliis
1049 468 1060 486 ‚
1077 457 1200 494 ‚quam
1217 449 1383 489 βασιλέως
1408 454 1447 480 et
1471 451 1569 490 βασι-

60 499 161 543 λείας
184 493 421 535 nominibus,
456 494 642 532 Romanos
661 496 904 542 Imperatores
921 507 962 531 ac
982 495 1188 531 Romanum
1208 491 1408 539 Imperium
1434 505 1570 529 vocare

63 542 269 579 confirevit.
319 541 380 578 Sic
394 545 443 590 τῷ
461 541 671 588 βασιλεύοντι
681 543 819 592 Μάρκῳ,
837 543 1067 593 imperantis.
1085 540 1298 591 Imperatori
1306 542 1450 582 Marc03
1478 541 1569 578 alibi

59 596 237 638 ’βασίλειος
259 589 366 634 οἶκος,
397 591 530 628 domus
546 594 778 641 Imperatoris
796 593 940 642 s-Augu
970 607 1015 634 a,
1038 590 1208 640 βασιλικαὶ
1229 589 1348 634 numi»
1374 589 1519 626 h0770²⁶85
1540 587 1570 625 s·

63 641 170 677 tituli
193 641 424 687 Imperatorii
451 641 496 676 ab
524 642 657 678 eodem
681 641 941 680 tribuuntur.“
987 640 1026 678 Si
1049 642 1132 689 quis
1151 652 1241 676 vero
1265 635 1431 685 τυράννων
1453 638 1569 674 etiam

61 687 126 727 hic
145 688 183 724 in
205 689 338 725 bonam
359 699 502 735 partem
520 689 663 728 sumere
680 690 792 729 velit:
820 703 905 728 cum
924 695 1091 738 βασιλέα-ὑ
1107 689 1381 737 copulabuntur
1402 700 1469 747 per
1485 687 1567 733 syn'·

13 730 17 745 ¹
62 738 221 799 Ξορίειτη.
281 739 351 784 Ap.
380 739 490 774 Dem.
520 739 671 786 quidem
697 739 774 777 fine
801 741 880 779 ind.
898 752 958 785 72,
979 754 1014 776 2.
1049 738 1210 785 βασιλεός
1238 742 1307 783 sse?
1334 736 1388 779 uo«)
1408 751 1582 788 τυραννος,

59 802 155 834 ἄπας
179 785 304 833 ἓχ-(ὶςδς
322 788 494 835 ἐλευθερίᾳ
512 787 566 832 καὶ
582 786 691 833 νόμοις
716 794 859 832 ἐναντίος
875 788 917 826 in
936 790 1067 826 malam
1088 790 1204 836 aequ'e
1223 787 1345 823 valere
1365 784 1499 833 potest.
1520 795 1566 822 ut

55 847 121 881 24,
141 846 175 879 7.
203 847 262 879 71,
282 848 316 880 9.
335 836 386 881 sq.
408 848 446 873 et
465 840 544 879 26.,
568 838 616 876 cf.
634 840 739 875 Eran.
759 839 852 874 Phil.
872 838 951 885 post
970 840 1146 876 Ammon.
1172 849 1206 883 p.
1223 845 1303 882 173.
1322 847 1353 871 e.

79 931 86 939 Ι
157 886 258 921 Tum
280 895 408 921 contra
430 884 515 933 ling.
542 883 670 930 πόλεως
699 888 797 924 inter
822 886 984 935 reliquos
1014 888 1108 935 plur.
1127 885 1222 922 nihil
1251 882 1443 926 novar-im,
1479 894 1564 920 cum

58 933 161 970 libris
182 932 357 980 omnibus
378 935 540 980 placeat,
571 948 609 973 et
630 935 715 973 alias
736 947 888 984 quoque
907 937 1006 980 inter
1026 936 1063 972 se
1084 934 1284 981 iungantur
1304 932 1409 969 subst.
1430 929 1565 969 diverst

51 982 205 1018 'numeri
219 1008 230 1025 ‚
257 980 370 1018 etiam
393 995 494 1026 tum,
519 983 583 1021 ubi
603 985 731 1027 subst.,
755 984 945 1022 discedens
966 986 1007 1022 in
1028 996 1183 1020 numero
1202 996 1219 1018 a
1239 981 1415 1029 reliquis,
1441 993 1508 1029 per
1524 979 1565 1016 se

57 1029 145 1068 alibi
167 1030 360 1078 usurpatur
379 1034 513 1069 eodem
531 1046 616 1070 cum
636 1034 708 1069 illis
730 1046 898 1077 numero,
925 1034 973 1071 cf.
985 1033 1127 1071 Hindb.
1149 1031 1194 1067 ad
1204 1025 1294 1069 Xeh.
1317 1044 1353 1078 p.
1368 1041 1448 1075 ¹¹5·
1467 1027 1564 1075 §.fin

59 1085 221 1128 cumque
243 1081 279 1116 h.
293 1081 316 1116 l.
338 1079 452 1127 pofita
471 1081 575 1128 subst.
595 1095 854 1130 comparentur
874 1096 933 1131 ap.
952 1082 1043 1119 alios
1063 1079 1184 1123 varie,
1205 1092 1285 1129 >per
1302 1080 1401 1127 plur.
1423 1077 1476 1119 καὶ
1500 1075 1565 1115 πέ-

57 1141 142 1167 λεων
168 1129 222 1172 aa.)
254 1133 387 1167 ἰδιωτῶν
411 1142 472 1177 ap.
492 1131 614 1168 Thuc.
640 1145 669 1174 1,
687 1141 744 1173 82.
763 1142 800 1168 et
829 1144 908 1177 124.
943 1145 977 1174 2,
997 1136 1055 1176 64.
1093 1141 1127 1178 3,
1148 1141 1204 1165 10.
1226 1139 1264 1164 et
1283 1136 1360 1169 82..
1395 1139 1477 1164 tum
1497 1139 1565 1174 per

55 1177 146 1227 fing.
166 1176 264 1215 πόλει
282 1179 335 1220 καὶ
356 1175 468 1226 ἰδιώτῃ
488 1179 538 1216 ib.
562 1192 594 1224 r,
609 1193 688 1227 144.
715 1195 751 1227 4,
770 1184 829 1217 61.
850 1192 889 1217 et
910 1193 989 1225 1¹4·
1018 1191 1050 1226 ς,
1070 1191 1151 1224 4ι.,
1178 1177 1241 1215 sed
1260 1187 1300 1214 et
1319 1175 1463 1212 diverso
1486 1187 1564 1212 nu-

54 1239 163 1263 mero
183 1227 231 1263 ib.
251 1238 286 1268 2,
304 1230 362 1271 65.
388 1232 459 1269 τοῖς
481 1224 627 1271 ἰδιώταις
646 1250 683 1258 -
704 1233 748 1275 τῇ
767 1230 889 1272 πόλει,
925 1230 974 1266 cf.
989 1230 1066 1276 Stp.
1077 1227 1151 1264 Th.
1175 1240 1207 1270 1,
1231 1227 1384 1271 1⁶42.B.
1397 1224 1451 1272 sq.
1470 1225 1565 1262 Abr-

53 1276 132 1313 Dil.
150 1276 224 1314 Th.
247 1288 282 1322 p.
298 1278 378 1311 126.
389 1289 422 1313 e.
443 1276 552 1313 Wess‘.
572 1278 617 1314 ad
633 1278 749 1314 Diod.
766 1281 805 1314 S.
828 1291 862 1320 2,
880 1290 963 1324 417.
982 1278 1030 1315 N.
1046 1287 1103 1325 35.
1122 1275 1211 1312 Obs.
1223 1274 1450 1312 Misc.Amst.
1463 1273 1510 1309 V.
1524 1281 1560 1318 3.

50 1337 94 1374 p.
110 1332 216 1370 148...
241 1322 305 1360 ubi
324 1323 426 1361 haec.
476 1325 545 1380 „Si
572 1323 667 1372 πέλας
696 1339 908 1375 opponatur
923 1323 1057 1373 ἰδιώτῃ,
1096 1325 1218 1374 yalere
1241 1320 1369 1366 ἰδιώτην
1388 1322 1413 1358 i·
1435 1334 1472 1370 q·
1502 1317 1561 1359 ἔνθ

53 1373 252 1420 ἅνδςαίδίᾳ.
309 1374 436 1410 Parem
463 1385 648 1412 rationem
672 1376 765 1418 effe,
798 1375 950 1424 quando
978 1377 1018 1412 in
1045 1376 1138 1422 plur.
1171 1377 1297 1415 ἰδιῶται
1318 1382 1561 1419 opponantur

43 1419 257 1464 ,a-o'zsewr-
278 1421 319 1458 in
338 1433 410 1470 qua
426 1422 599 1459 strustura
616 1424 739 1461 minus
759 1425 957 1462 commode
976 1423 1107 1466 ἰδιώταις
1119 1422 1255 1470 exponi
1267 1422 1403 1457 civemn
1447 1419 1562 1456 Unde

50 1472 149 1510 reste
166 1471 230 1508 hic
250 1473 315 1520 Bg.
335 1485 357 1509 e
374 1473 416 1508 P.
432 1473 597 1522 privatos
614 1474 767 1511 homines
784 1473 930 1516 reddit,
965 1473 1048 1521 (qui
1069 1484 1194 1509 tamen
1214 1469 1426 1508 referuntur
1451 1467 1560 1505 samu!

51 1523 99 1559 ad
118 1533 173 1569 pr.
196 1522 390 1568 βασιλέων.)
410 1532 448 1558 at
466 1521 507 1567 in
526 1534 625 1561 πολ..
658 1536 679 1559 e
699 1525 737 1561 P.
759 1524 917 1564 iterum,
951 1524 1124 1570 ambiguo
1145 1522 1248 1561 Lat..
1287 1518 1399 1566 quale
1425 1528 1464 1555 et
1485 1519 1556 1555 Gr.

51 1571 124 1612 est,
149 1568 415 1617 accipientibus
433 1572 547 1607 Vern.
566 1570 710 1608 are’ciori
729 1571 833 1609 sensu
846 1596 857 1613 ‚
884 1571 931 1609 de
947 1572 1038 1608 urbe
1056 1568 1226 1618 singulari
1239 1592 1250 1610 ‚
1284 1575 1368 1604 'cum
1386 1577 1425 1603 et
1446 1565 1560 1603 intel-

38 1618 251 1668 slig13queae
267 1617 413 1661 latiori,
438 1617 485 1655 de
505 1631 662 1666 corpore
681 1620 778 1669 quast
796 1620 942 1657 urbium
961 1630 1001 1657 et
1022 1619 1224 1659 societate,
1246 1615 1311 1653 uni
1335 1615 1561 1664 parentium.

48 1667 161 1705 nobis
182 1668 356 1709 Senum,
397 1667 441 1703 it.
463 1667 509 1702 de
531 1667 659 1705 liberis
679 1670 788 1707 rebus
808 1670 932 1717 publ„
964 1668 1144 1709 maxime,
1179 1665 1266 1714 quia
1286 1665 1402 1701 sermo
1423 1662 1485 1700 hic
1505 1663 1558 1700 est

50 1717 98 1754 de
118 1714 300 1751 historicis
322 1715 521 1758 veteribus,
544 1729 707 1764 quorum
728 1731 844 1754 maior
863 1730 944 1765 pars
955 1717 1072 1754 maius
1085 1717 1186 1764 quod
1200 1712 1560 1762 opuscomplectun-

46 1777 112 1803 tur
134 1765 260 1801 animo
281 1774 395 1812 atque
414 1765 575 1807 calamo,
602 1777 713 1814 quam
736 1766 885 1803 urbium
903 1766 1123 1815 singularum
1148 1776 1204 1801 res
1221 1762 1354 1812 gestas,
1379 1760 1559 1811 quemad-

47 1814 203 1851 modum
222 1811 328 1860 pauci
348 1812 527 1855 extitere,
549 1814 637 1862 qui,
668 1815 852 1852 Plutarchi
871 1824 909 1852 et
921 1814 1088 1851 Cornelii
1107 1815 1204 1860 Nep.
1226 1824 1344 1853 more,
1368 1810 1462 1848 faeta
1474 1823 1558 1847 mo-

47 1875 182 1912 resque
205 1862 368 1899 virorum
395 1860 627 1911 singulorum
656 1864 869 1908 traderent,
904 1876 998 1911 quae
1017 1862 1144 1911 potius
1171 1872 1372 1898 memorata
1403 1860 1488 1897 sunt
1515 1869 1558 1895 et

47 1913 197 1949 transsata
214 1909 318 1948 simul
337 1908 378 1947 in
395 1911 518 1995 ¹totius
536 1910 666 1961 populi
684 1911 852 1956 historia,
884 1913 935 1950 cf.
954 1913 1036 1960 Stp.
1051 1912 1127 1948 Th.
1151 1921 1185 1959 3,
1204 1914 1289 1958 469.
1306 1911 1354 1946 D.
1365 1909 1417 1956 sq.
1437 1920 1476 1946 et
1494 1908 1558 1945 Rs.

48 1964 117 1998 Or.
135 1963 222 2007 V.3.
245 1973 280 2007 p.
295 1971 374 2007 3⁹¹·
410 1961 416 1964 “
466 1987 474 1998 .

149 2008 286 2045 Similis
303 1973 475 2045 diffinitis
495 2009 543 2046 est
563 2010 677 2047 Vern.
695 2010 891 2057 utriusque
910 2009 949 2046 in
967 2023 1002 2046 v.
1024 2011 1177 2052 ἰδιωτῶν,
1200 2007 1264 2045 ubi
1288 2007 1395 2056 peius
1416 2005 1466 2044 est
1491 2016 1556 2042 ve-

46 2060 140 2098 teris
158 2059 407 2100 Laudesleute.
435 2070 545 2106 quam
566 2059 723 2096 recentis
747 2059 1067 2107 Privatperfhnem
1095 2057 1189 2095 ficut
1202 2057 1373 2098 omnino,
1400 2054 1491 2104 quid
1509 2053 1555 2092 fit

47 2106 200 2151 ἰδιώτης,
222 2119 308 2144 cum
333 2107 449 2143 multa
468 2106 666 2156 significet,
694 2109 836 2156 semper
854 2107 1135 2145 diiudicandum
1155 2107 1205 2142 est
1221 2120 1241 2143 e
1257 2115 1449 2146 contextu,
1471 2103 1507 2140 h.
1518 2115 1553 2140 e.

44 2159 106 2194 vel
125 2156 296 2206 opposito
310 2181 321 2198 ,
356 2157 415 2192 vel
435 2156 617 2194 adiunffis
640 2157 721 2194 aliis
735 2183 746 2200 ,
783 2157 830 2192 cf.
853 2157 938 2193 Ern.
955 2157 1000 2193 de
1026 2156 1093 2192 usu
1114 2153 1210 2204 gioff.
1237 2167 1319 2191 can.
1337 2156 1371 2190 6.
1392 2164 1432 2191 et
1451 2154 1554 2194 Lex..

44 2206 90 2243 it.
113 2208 152 2242 L.
174 2207 222 2242 N.
243 2207 291 2241 T.
311 2204 449 2248 Fisch.,
492 2217 530 2241 et
557 2218 620 2253 per
650 2206 773 2253 plures
798 2206 976 2242 notiones
1003 2204 1107 2241 simul
1131 2206 1210 2252 δερ.
1232 2204 1306 2242 Th.
1332 2202 1436 2240 Focs.
1457 2203 1552 2238 Oec.

43 2256 143 2293 Suic.
162 2255 236 2291 Th.
254 2255 295 2290 L.
317 2255 368 2292 N.
388 2254 436 2290 T.
459 2254 575 2291 Schw.
601 2266 639 2292 et
655 2256 768 2296 Krb...
804 2255 907 2290 Fabr.
936 2255 979 2292 ad
1006 2256 1103 2291 Sext.
1136 2253 1240 2300 Emp.
1266 2266 1302 2300 p.
1324 2261 1407 2295 728.
1427 2251 1477 2288 N.
1497 2250 1551 2286 H.

42 2304 183 2352 Spanh.
204 2303 248 2340 ad
266 2307 331 2340 Ar.
351 2303 442 2340 Rau.
464 2316 500 2340 v.
515 2308 598 2347 460.
626 2304 706 2341 lnd.
726 2305 820 2342 Xen.
840 2303 946 2340 Bach.
970 2304 1066 2340 Mor.
1085 2303 1204 2339 Zeun.
1223 2301 1264 2338 it.
1284 2300 1372 2337 Hes.
1395 2312 1481 2336 cum
1499 2299 1554 2336 N.

43 2354 170 2391 Schol.
199 2352 311 2400 Epi&
341 2366 377 2400 p.
394 2365 477 2396 24¹·
503 2364 543 2390 ct
560 2353 670 2389 Dem.
698 2354 754 2388 Rs.
772 2353 839 2389 Or.
860 2353 905 2388 V.
928 2365 960 2388 2.
982 2366 1014 2400 p.
1029 2361 1084 2395 87.
1098 2365 1125 2388 e.
1143 2376 1154 2393 ,
1192 2351 1250 2386 cui
1271 2348 1397 2386 similia
1418 2347 1552 2386 Suidas

42 2403 180 2445 habet,
214 2413 374 2450 quorum
404 2402 497 2438 alter
528 2414 572 2437 ex
593 2403 710 2439 altero
735 2401 837 2438 forte
858 2400 1158 2443 constituendus,
1200 2399 1222 2435 fi
1244 2411 1345 2440 non,
1382 2409 1428 2435 ut
1452 2396 1550 2434 intra

43 2449 178 2492 ἰδιώτας
198 2457 290 2494 λέγει
313 2448 490 2487 inseratur
510 2453 543 2488 δὲ
564 2463 584 2486 e
605 2451 739 2493 Suida,
776 2462 901 2486 tamen
921 2460 963 2486 ut
983 2463 1039 2497 ap.
1058 2449 1156 2485 hunc
1177 2461 1223 2485 ex
1249 2447 1313 2483 illo
1341 2447 1419 2494 post
1436 2461 1553 2491 παρα·

42 2508 158 2547 cynomia
179 2501 331 2536 addatur
351 2497 454 2541 ἴδιος,
480 2496 630 2542 ἰδιώτης,
657 2500 698 2537 it.
719 2499 799 2546 post
814 2505 953 2543 λέγετοᾳ
976 2499 1098 2534 adhuc
1118 2507 1282 2544 ponatur
1300 2496 1376 2540 καὶ,
1409 2495 1551 2532 absum·

42 2561 126 2587 tum
147 2562 165 2584 a
188 2562 240 2595 pr.
257 2566 314 2590 τι»,
332 2546 459 2590 simili;
492 2559 535 2584 ut
558 2548 685 2584 Suidas
706 2549 818 2585 etiam
847 2549 979 2584 melius
1001 2546 1045 2583 ad
1075 2546 1201 2583 locum
1224 2545 1333 2583 Arist.
1362 2543 1488 2581 adiicit
1515 2547 1549 2581 ἓν

41 2597 255 2646 βατράχοις,
289 2596 351 2633 ubi
375 2596 422 2631 cs.
441 2600 566 2643 v.460.
587 2607 750 2643 etms„
781 2595 844 2633 ubi
871 2609 937 2644 pro
958 2594 1080 2633 Schol.
1111 2592 1166 2633 δύο
1193 2594 1301 2643 lege,
1335 2599 1420 2636 τινὲς
1445 2598 1477 2631 ἐν
1499 2594 1548 2639 ra?

43 2650 136 2689 θεοῖς
160 2645 307 2686 ἰδιώταις
325 2644 365 2695 *ro*
382 2662 398 2682 o
418 2648 596 2685 τιθέασιν,
621 2658 676 2688 a„
712 2646 734 2681 i.
757 2659 790 2682 e.
811 2644 974 2682 litteram
995 2663 1032 2686 o,
1071 2657 1136 2692 per
1157 2642 1442 2692 compendium,
1480 2654 1550 2690 pro

41 2697 193 2734 obelum
207 2721 218 2738 .
245 2695 349 2744 quod
368 2704 445 2732 erat
463 2694 604 2746 iignum
622 2695 815 2740 criticum5
839 2694 903 2733 sed
919 2707 983 2745 per
994 2691 1150 2744 angulas
1162 2694 1338 2740 quasdam
1356 2690 1552 2731 notiones.
