1798 3163
835 85 844 112 1

218 162 285 203 30
751 148 921 194 LIBER
942 148 976 190 Ι.
1013 148 1135 192 CAP.
1160 146 1197 189 Ι.

211 261 498 332 πραγμάτων
519 259 820 329 ἐπιμελέςεξσν
841 261 940 309 {av—
976 279 1045 310 res
1066 263 1141 310 vsu
1153 273 1196 309 et
1215 264 1477 328 experientia
1486 281 1635 313 rerum
1648 266 1710 313 di·
1746 321 1751 327 ¹
1791 269 1798 313 ’,

211 341 295 387 τῶν
317 358 364 386 τε
377 338 546 387 καὶτῶν
559 334 753 390 ὑπηκόων
764 334 900 403 ἧξξαν
910 346 945 391 P,
980 337 1186 398 ligentius
1202 337 1278 385 fibi
1302 351 1345 386 et
1368 339 1566 387 subieffis
1587 357 1710 405 prae·
1747 334 1751 350 ³

212 415 250 461 οἱ
269 407 317 462 δὲ
346 406 503 480 κομιδῇ
525 410 600 460 νέοι
622 423 664 470 q,
697 406 945 478 ῥᾳθυμότε-
980 412 1178 460 fuerunt:
1215 416 1291 477 qui
1314 426 1459 461 autem
1472 416 1710 463 admodum
1793 402 1798 426 ⁵

212 507 280 556 ςον
318 485 583 549 βιώσαντες,
634 480 795 533 πολλοὶ
830 485 945 531 enac·
979 484 1113 535 effent
1128 487 1443 546 adolescentuli,
1467 487 1710 537 dissolutius

303 615 342 660 p)
369 616 417 647 Al.
438 614 508 655 ’ἧξεν
528 615 629 647 Leisn.
648 614 723 645 B.2.
742 618 776 642 et
793 611 865 642 Par.
879 619 910 643 1.
930 609 1102 650 mendose,
1130 621 1164 643 et
1182 611 1258 650 hic,
1285 622 1346 653 pro
1366 613 1487 652 puncto
1498 613 1582 651 rel.‚
1605 614 1709 646 colon

214 662 252 693 in
271 660 343 696 Sto.
363 668 398 690 et
414 660 478 697 al.‚
504 669 573 700 quo
594 666 627 688 et
647 658 762 688 tendat
779 658 844 689 Ms.
863 656 940 696 Eg..
974 657 1073 687 nobis
1102 657 1255 698 placente
1279 656 1394 696 potius
1415 667 1602 693 commate,
1629 658 1710 700 quia

212 715 264 747 pr.
287 706 358 736 cifras
376 704 550 735 videbatur
570 703 608 732 ad
630 700 741 732 omnia
760 700 850 742 sqq.‚
875 700 977 742 vsque
993 701 1033 732 ad
1050 703 1164 738 eanum,
1186 700 1374 742 pertinere;
1408 702 1496 732 vnde
1509 711 1540 733 et
1551 706 1582 740 §-
1597 712 1711 735 nouae

212 759 388 782 numerum
409 749 460 779 ed.
484 748 535 778 ssc.
562 746 632 788 post
651 743 715 789 ἧρξ.
732 743 930 777 sustulimus
997 748 1032 787 q)
1058 747 1093 777 In
1111 748 1177 778 Ms.
1193 746 1249 777 Ba.
1267 747 1431 785 ιιόμηδῦνεοι
1448 748 1526 778 bina
1543 747 1709 779 vocabula

213 794 290 827 sunt
309 802 435 825 temere
451 792 639 822 coniuncta.
659 791 767 822 Mart.
798 790 840 821 cle
858 788 941 822 serie
958 798 1026 821 vet.
1043 790 1155 822 codd.
1177 799 1267 827 vna,
1297 800 1372 821 cum
1399 789 1525 823 vitioso
1545 804 1560 825 ιι
1580 791 1710 829 medio.

213 847 248 870 at
266 845 347 869 extr.
367 836 432 867 fine
452 837 521 867 iota
540 834 680 875 subscr„
703 842 740 866 vt
757 833 793 865 in
813 835 884 876 Stp.
904 842 939 865 et
956 834 1022 872 al..
1053 843 1124 876 quo
1141 833 1207 873 de.
1238 843 1274 865 vt
1292 844 1326 866 et
1344 836 1387 867 de
1411 838 1478 874 5⁶⁸⁵-
1496 837 1648 868 omnium
1665 834 1710 870 fic

213 882 280 916 fine
297 883 387 920 Iota,
410 891 443 911 v.
461 881 539 912 Exc.

215 982 485 1020 ministratione
503 979 740 1028 negotiorum
760 979 861 1025 publ.
877 978 974 1027 ipsa,
993 990 1086 1026 quae
1108 978 1200 1016 resta
1218 990 1257 1015 et
1273 978 1373 1021 iusta,
1402 989 1446 1016 vt
1463 979 1627 1016 animum
1648 992 1710 1017 ex-

213 1032 296 1080 plet
314 1030 428 1068 solida
441 1029 580 1065 laetitia
600 1041 620 1064 e
641 1027 866 1065 conscientia
885 1027 1065 1065 testarum
1083 1028 1320 1065 consiliorum
1339 1027 1617 1076 fastorumque,
1641 1027 1709 1070 ita,

216 1092 337 1118 tutum
358 1077 593 1126 praestandO,
619 1078 758 1114 laetum
779 1087 817 1114 et
833 1076 1033 1126 gloriosum
1050 1077 1270 1125 imperium,
1296 1076 1401 1121 facit,
1425 1089 1466 1114 vt
1483 1089 1594 1125 porro
1612 1077 1709 1114 bene
1764 1106 1770 1118 ,

212 1130 318 1167 viuas
337 1139 448 1175 atque
479 1127 647 1174 imperes.

267 1180 414 1222 imma.)
440 1177 530 1212 Non
552 1187 691 1222 poterat
710 1175 845 1211 Noster
867 1175 1016 1211 breuius
1032 1187 1182 1211 omnem
1204 1174 1391 1211 bonorum
1403 1173 1710 1221 compleaiprin·

214 1228 342 1275 cipum
363 1228 505 1263 laudem
526 1224 691 1272 bonique
708 1224 854 1271 imperii
872 1223 1051 1266 formam,
1080 1236 1173 1271 quae
1193 1223 1372 1264 breuitas.
1406 1222 1503 1272 quali
1522 1223 1658 1270 loquax
1668 1233 1709 1260 et

215 1278 336 1323 ampla
355 1286 476 1311 tamen
489 1299 500 1315 ,
528 1273 586 1309 hic
603 1274 652 1309 est
670 1273 710 1309 in
729 1287 774 1309 eo
787 1293 803 1325 ζ
826 1273 928 1320 quod
952 1272 1145 1321 ingeniose
1162 1277 1221 1316 (ex
1233 1273 1338 1310 Isocr.
1359 1273 1483 1310 forsan
1502 1271 1547 1307 ad
1557 1271 1710 1310 Nicocl.

217 1338 254 1372 9,
283 1339 308 1361 ι.
340 1326 397 1361 ed.
423 1322 692 1369 Kretschmar.)
723 1335 755 1358 v.
782 1326 856 1369 ἧςξ.
882 1321 1051 1358 adhibuit
1081 1321 1181 1366 dupl.
1207 1320 1334 1360 sensu,
1369 1319 1521 1369 proprio
1543 1320 1709 1368 quidem,

215 1388 301 1412 cum
319 1382 383 1410 τῶν
401 1373 457 1410 ὖπ.
481 1370 723 1408 constructum
736 1395 747 1413 ,
780 1371 842 1407 sed
862 1370 1030 1418 tropico,
1062 1371 1105 1406 ad
1125 1370 1218 1409 ἑαυτ.
1237 1369 1341 1406 simul
1362 1371 1539 1410 relatum
1572 1370 1612 1405 in
1633 1381 1710 1417 quo

215 1423 334 1462 miror
356 1425 416 1470 ssg.
440 1423 512 1457 Lat.
545 1420 709 1456 insolens
730 1431 770 1457 et
795 1419 982 1466 po'e'ticum
1005 1418 1118 1468 magis
1140 1433 1173 1454 v.
1189 1419 1362 1468 praecffi,
1397 1432 1463 1466 pro
1485 1418 1640 1467 planiori
1671 1428 1712 1455 et-

214 1472 393 1510 vfitatiori
415 1482 476 1506 zat
497 1470 532 1504 P.
545 1467 582 1516 se
603 1481 746 1524 regei-e,
774 1480 838 1504 aut
857 1468 969 1504 etiam
981 1468 1054 1515 fibi
1074 1468 1272 1516 imperare,
1297 1469 1429 1516 quibus
1442 1467 1612 1505 formulis
1624 1465 1710 1503 vsus

216 1522 296 1560 Cic.
318 1533 374 1566 ep.
397 1520 441 1556 ad
460 1518 535 1554 diu.
560 1531 595 1563 4,
618 1529 672 1561 14.
691 1531 715 1554 1.
737 1529 774 1553 et
794 1521 868 1566 Q.
889 1516 1046 1559 Tusc.2,
1065 1529 1121 1553 20.
1135 1517 1188 1557 e.“,
1215 1517 1277 1552 vbi
1296 1528 1335 1553 et
1352 1517 1630 1564 quodammodo
1651 1527 1711 1552 ex·
1778 1543 1780 1545 >

216 1571 425 1620 plicantur,
460 1568 519 1603 sed
546 1568 822 1604 accommodate
850 1566 964 1615 magis
991 1566 1035 1602 ad
1067 1566 1298 1613 praesentem
1326 1566 1377 1603 ibi
1403 1579 1479 1602 rem
1506 1566 1552 1602 de
1580 1565 1712 1602 dolore

215 1619 445 1658 moderando
458 1616 715 1662 sedandoque:
739 1627 822 1652 cum
835 1615 895 1649 hic
907 1627 1127 1662 pertropum
1146 1628 1269 1663 regere
1279 1614 1447 1652 dicantur
1460 1614 1521 1663 se,
1549 1614 1612 1662 qui
1629 1626 1710 1651 non

216 1667 383 1706 modoin
396 1665 570 1712 potestate
582 1665 723 1700 habent
741 1664 926 1706 animum,
952 1662 974 1698 i.
995 1663 1261 1712 cogitationes,
1285 1664 1506 1711 cupiditates
1525 1676 1564 1700 et
1586 1674 1712 1700 motus

216 1717 296 1755 eius
316 1715 340 1750 s.
361 1714 529 1755 affectus,
553 1713 615 1748 sed
633 1724 671 1750 et
688 1725 824 1759 corpus
843 1725 924 1749 cum
947 1713 1132 1754 membris,
1157 1714 1303 1752 oculos,
1330 1725 1442 1754 aures,
1468 1725 1612 1753 manus,
1639 1713 1715 1748 Iin-

218 1778 341 1815 guam,
368 1774 406 1799 et
424 1763 585 1800 actiones
607 1773 796 1802 externas,
821 1771 860 1796 vt
882 1762 973 1798 reeta
996 1761 1066 1798 sint
1082 1761 1208 1797 omnia
1227 1762 1267 1797 in
1288 1761 1323 1798 se
1341 1772 1379 1798 et
1399 1760 1540 1807 legibus
1553 1761 1712 1798 consen·

218 1826 344 1855 tanea,
382 1811 484 1860 quod
511 1812 593 1857 quis
619 1810 740 1846 facere
768 1810 966 1857 diligenter
998 1822 1035 1846 et
1062 1809 1165 1846 omni
1197 1810 1310 1845 modo
1329 1810 1448 1858 potest
1474 1822 1552 1846 tum
1574 1823 1641 1854 pro
1659 1809 1710 1851 se.

217 1876 312 1903 tum,
332 1863 394 1910 qui
408 1862 576 1906 imperat,
601 1859 710 1896 etiam
723 1859 766 1895 ad
777 1861 1015 1895 commodum
1028 1857 1165 1895 ciuium
1175 1858 1482 1907 felicitatemque,
1506 1860 1713 1908 etdiligen-

218 1914 318 1954 εἰυε,
344 1911 472 1947 maiori
492 1908 610 1946 studio
629 1920 666 1945 et
688 1909 821 1949 modo,
843 1919 951 1955 quam
973 1906 1036 1943 alii
1055 1907 1278 1954 imperantes
1297 1919 1385 1945 ante
1406 1908 1462 1949 se;
1484 1908 1587 1945 cuius
1599 1920 1714 1957 gene-

216 1964 266 2000 ris
291 1961 389 1997 viros
412 1958 542 1996 Noster
563 1956 725 2006 cogitare
744 1957 804 1992 hic
823 1968 861 1993 et
880 1956 1017 1993 deinde
1035 1967 1102 2004 pro
1122 1957 1294 2004 exemplo
1322 1967 1362 1993 et
1390 1956 1549 2006 imagine
1576 1968 1719 2005 propo-¹

217 2024 306 2050 nere
336 2008 480 2057 potuit,
514 2018 656 2054 praeter
680 2006 873 2046 Marcum,
907 2017 1045 2053 paucos
1071 2004 1293 2048 admodum,
1332 2017 1374 2042 ex
1392 2006 1462 2049 iis,
1486 2006 1549 2054 qui
1573 2009 1712 2044 Romae

218 2070 343 2098 erant.
382 2057 610 2093 Pertinacem
639 2067 672 2097 2,
700 2067 734 2096 2,
768 2063 800 2095 8.
819 2054 897 2102 sqq.
924 2067 959 2096 2,
979 2064 1012 2100 3,
1034 2067 1068 2098 4.
1104 2066 1140 2095 2,
1159 2068 1195 2099 4.
1232 2067 1267 2096 2,
1292 2066 1349 2096 10,
1372 2066 1406 2099 7.
1444 2067 1478 2098 ε,
1501 2064 1558 2101 13,
1580 2067 1635 2092 ιι.
1666 2055 1712 2092 it.

218 2109 353 2158 partim
370 2109 542 2144 Seuerum
564 2118 599 2145 2,
625 2116 680 2150 14,
701 2108 735 2140 6.
755 2102 830 2152 sqq.
866 2113 902 2150 3,
921 2112 956 2146 8,
981 2115 1035 2149 14·
1054 2102 1131 2151 sqq.
1161 2112 1194 2148 3,
1219 2115 1272 2144 10,
1293 2114 1365 2150 3.e.
1395 2114 1429 2151 3,
1451 2116 1507 2147 ιι,
1525 2115 1578 2148 ¹5·
1606 2114 1641 2151 3.
1656 2114 1714 2151 13,

222 2172 257 2197 ι.
277 2158 353 2204 sqq.
381 2165 411 2201 3,
435 2167 491 2198 14,
514 2169 546 2198 4.
565 2167 596 2190 e.
609 2153 685 2200 sqq.
714 2161 748 2200 3,
774 2164 828 2196 ις,
849 2163 879 2188 1.
907 2164 941 2196 5.
969 2162 1007 2187 et
1034 2152 1239 2188 Maximum
1268 2165 1350 2189 cum
1369 2153 1522 2190 Balbino
1542 2165 1577 2197 7,
1603 2165 1661 2195 10,
1678 2165 1715 2197 7.

221 2218 256 2249 3,
279 2216 313 2247 8,
336 2217 365 2240 1.
390 2215 440 2246 19.
455 2227 466 2244 ,
500 2203 560 2240 sed
581 2216 623 2239 ex
642 2202 718 2243 his,
757 2202 820 2249 qui
843 2212 940 2236 extra
957 2202 1083 2236 vrbem
1102 2201 1308 2249 degebant,
1342 2201 1452 2238 modo
1475 2201 1712 2239 Gordianum

220 2266 362 2306 patrem
385 2265 418 2296 7,
441 2264 472 2295 ς,
499 2264 552 2288 12.
579 2265 613 2295 7,
631 2255 665 2292 6,
681 2262 715 2293 7.
737 2250 811 2297 sq.,
837 2262 994 2297 quorum
1014 2250 1059 2285 de
1081 2250 1266 2286 senesture
1283 2250 1389 2286 habui
1412 2250 1522 2292 haec,
1545 2251 1712 2287 Pertina-

221 2317 302 2342 cem
335 2301 466 2340 Nostro
496 2300 564 2336 effe
595 2300 764 2336 vniuerse
792 2299 915 2336 senem
946 2311 981 2339 2,
1003 2310 1033 2338 1,
1058 2307 1089 2337 8.
1113 2310 1168 2334 10.
1187 2311 1244 2334 20.
1273 2311 1308 2339 2,
1330 2311 1363 2340 2,
1389 2302 1442 2342 16,
1474 2311 1508 2340 2,
1530 2312 1562 2343 5,
1585 2311 1618 2342 9.
1644 2307 1712 2340 ιο.

221 2366 280 2402 ap.
300 2351 392 2387 alios
409 2362 492 2385 vere
513 2349 584 2385 dici
612 2360 793 2385 annorum
816 2349 964 2386 LXVIII
981 2347 1005 2385 s.
1027 2348 1164 2389 LXIX,
1201 2346 1243 2383 it.
1264 2348 1441 2384 Seuerum
1457 2360 1516 2396 ap.
1537 2349 1713 2386 Nostrum

221 2401 320 2440 tradi
341 2399 452 2436 modo
472 2398 591 2433 senem
618 2409 649 2444 3,
671 2410 728 2438 ιι,
757 2409 808 2441 ις.
838 2407 872 2443 3,
892 2409 948 2442 14,
963 2409 996 2439 4.
1015 2409 1047 2432 e.
1075 2406 1108 2442 3,
1134 2407 1183 2441 15,
1208 2409 1257 2439 1..
1282 2408 1321 2433 et
1341 2408 1374 2440 7.
1397 2408 1565 2442 tantum,
1585 2400 1714 2446 quoad

218 2463 338 2487 annos
360 2447 528 2494 imperii,
556 2446 616 2483 sed
636 2448 678 2482 ab
698 2446 777 2484 aliis
798 2447 896 2483 LXV
915 2457 1118 2486 annorum,
1142 2457 1180 2482 et
1197 2445 1298 2492 quod
1316 2447 1496 2488 excurrit,
1519 2460 1554 2482 v.
1567 2448 1653 2484 Exc.
1666 2445 1714 2483 ad

220 2512 259 2542 2,
284 2510 318 2542 9,
344 2511 398 2539 2.,
422 2508 500 2533 tum
520 2496 604 2532 Max
640 2507 723 2531 cum
745 2497 840 2532 Balb.
871 2495 1003 2531 iterum
1034 2493 1243 2539 simpliciter
1265 2496 1387 2530 vocari
1419 2494 1521 2533 senes
1541 2507 1576 2539 7,
1598 2507 1658 2536 10,
1675 2499 1712 2533 6.

223 2558 260 2591 ει
279 2556 314 2587 8.
345 2557 408 2589 19,
438 2556 508 2580 nec
527 2545 570 2579 ab
589 2544 668 2580 aliis
690 2545 825 2581 certius
845 2543 1004 2585 definiri,
1028 2543 1087 2578 sed
1101 2543 1336 2580 Gord.illum
1357 2543 1510 2580 describi
1523 2543 1599 2581 fere
1610 2544 1716 2582 oao-

220 2595 412 2648 genarium
434 2605 468 2637 7,
496 2605 525 2633 ι,
553 2604 583 2637 3.
604 2605 641 2629 et
659 2593 794 2629 deinde
809 2593 933 2629 senem
951 2592 976 2628 s.
995 2592 1101 2628 valde
1117 2591 1239 2628 senem
1259 2592 1308 2629 ib.
1333 2593 1364 2638 §.
1378 2601 1412 2632 8.
1435 2602 1488 2634 18.
1512 2606 1546 2636 7,
1565 2605 1600 2634 7,
1618 2608 1654 2640 9.
1680 2605 1716 2637 7,

222 2657 259 2692 9,
281 2657 314 2685 q.
341 2656 421 2682 2o.,
448 2653 573 2678 contra
598 2643 640 2678 ab
659 2641 738 2676 aliis
758 2642 1025 2687 prouestiorem
1044 2651 1186 2681 aetate,
1222 2641 1270 2677 cf.
1290 2643 1336 2678 de
1354 2641 1509 2689 imperio
1528 2641 1602 2684 sui,
1640 2641 1715 2678 for-

220 2693 405 2740 mulisque
425 2691 489 2728 Gr.
509 2701 548 2725 ac
569 2691 668 2731 Lan,
703 2691 790 2726 Gar.
822 2691 867 2726 ad
888 2695 975 2727 Ant.
1007 2702 1040 2735 p.
1067 2703 1121 2735 ¹9·
1143 2702 1174 2728 a.
1193 2692 1237 2728 A.
1256 2702 1289 2726 e.
1310 2689 1388 2739 sqq.
1416 2693 1474 2727 26.
1495 2692 1529 2728 b.
1548 2692 1588 2727 F.
1614 2685 1711 2728 Plio.

219 2744 312 2784 Pan.
329 2744 385 2793 56,
406 2750 466 2794 3.,
499 2749 655 2780 tenente
676 2739 848 2789 Stpssl'lu
874 2744 964 2787 ἐπιμ.
990 2738 1066 2780 line
1081 2738 1247 2783 austere,
1280 2751 1316 2779 at
1335 2741 1443 2789 plane
1461 2752 1542 2779 non
1566 2747 1598 2781 οι
1613 2740 1713 2788 tinnit.
