1772 3158
206 94 309 142 826
619 94 916 141 EXCVRSVS
956 97 1039 140 AD
1079 97 1224 143 LIBR.
1264 97 1299 144 Ι.

199 202 353 241 stantiva
376 204 463 240 sunt
485 203 618 242 eodem
643 206 797 249 ordine,
833 218 908 254 quo
926 208 991 254 ἐρ.
1007 206 1128 243 Nostr.
1150 208 1258 243 verba
1281 211 1363 245 ἐόεδ.
1384 212 1423 246 τὲ
1445 213 1499 252 upa>
1519 207 1621 251 sim..
1658 219 1697 246 et

197 265 355 301 utraque
375 255 542 290 notionis
565 254 702 295 affinis,
738 255 898 301 primum
915 253 1064 297 finitae,
1099 256 1232 292 deinde
1251 255 1443 298 infinitae,
1470 256 1538 298 fic,
1573 270 1611 293 ut
1633 272 1697 304 po-

197 302 325 339 sterius
345 318 402 348 πς.
423 305 489 339 τῶν
505 308 557 340 ἐπ.
579 303 621 339 Γιε
639 303 816 350 quaedam
834 304 1030 352 explicatio
1054 303 1182 352 prioris
1200 314 1236 350 φ.
1251 328 1263 346 ,
1296 304 1356 341 sed
1384 318 1467 341 cum
1488 303 1698 342 discrimine

197 353 290 392 hoc,
324 363 366 388 ut
387 367 442 397 rrq.
464 353 648 397 pertineat
670 355 817 400 proprie
835 354 878 388 ad
897 364 1062 390 mentem
1082 352 1463 401 intelligentiamque,
1502 354 1539 389 in
1560 367 1628 403 qua
1647 355 1696 390 est

197 402 377 449 cogitatio
391 426 400 442 ‚
431 401 490 436 sed
512 412 549 445 φ.
572 401 727 437 maxime
747 402 790 437 ad
811 402 974 438 animum
991 413 1029 438 et
1043 402 1294 444 voluntatem,
1321 413 1362 439 ut
1382 402 1503 440 sensus
1515 416 1554 439 ac
1571 415 1694 440 motus

196 450 221 485 s.
242 449 407 491 affec‘tuffi
435 449 530 485 refle
550 451 844 496 comparantibus
867 452 1014 486 Pricaeo
1035 451 1158 487 locum
1176 451 1274 487 Plut.
1294 464 1331 488 et
1349 451 1473 499 Kypk.
1496 464 1526 494 1,
1547 463 1625 498 321.
1646 465 1694 487 m.

198 501 320 536 locum
342 499 460 534 Thuc.
480 508 564 544 418,
585 509 642 544 30.
667 498 778 545 »πρᾶς
799 499 856 537 τᾶν
876 502 1006 542 πρῶτον
1019 499 1124 546 φόβον
1141 508 1196 537 καὶ
1215 507 1271 543 τὴν
1292 502 1504 546 vivebam,
1533 501 1610 548 post
1624 500 1697 548 pri·

198 561 299 584 mum
319 556 443 582 metum
465 560 503 584 et
521 547 825 596 expeflationem«
851 548 913 597 qui
932 549 1050 596 Kypk.
1072 548 1119 585 fic
1137 565 1191 595 πρ.
1215 548 1346 585 melius
1365 551 1553 591 vertebat,
1588 561 1696 596 quam

197 596 333 632 deinde
351 607 498 638 metum,
527 609 610 634 cum
629 603 707 641 φοβ.
732 597 865 634 diserte
882 596 994 637 adlit,
1023 610 1061 634 et
1082 615 1136 645 2⁸?-
1158 597 1308 646 quidem
1331 610 1394 644 per
1406 598 1454 640 se,
1475 598 1519 634 ad
1540 598 1694 637 sensum,

195 647 247 683 ita
269 645 440 691 explicari
461 645 585 685 liceat.
609 645 675 681 ubi
694 645 810 683 solum
828 647 904 688 stat,
931 659 964 681 v.
977 659 1008 681 c.
1026 646 1074 685 ib.
1093 659 1177 692 409,
1188 659 1217 684 2.
1240 658 1278 684 et
1295 647 1396 687 alibi,
1422 647 1495 687 sed,
1514 646 1694 684 ubifimul

196 695 345 730 additur
363 692 467 730 subst.
486 695 615 736 affine,
641 706 686 731 nt
706 691 823 742 φόβος,
851 708 918 742 per
934 697 1015 732 Lat.
1035 695 1139 732 reddi
1160 697 1291 733 debeat
1304 696 1526 733 vocabulum
1539 695 1696 732 universi

195 744 343 791 generis
366 755 538 790 quoque,
573 744 684 790 quale
711 744 806 780 illud
828 747 906 782 Lat.
935 746 1154 794 expeHatio,
1190 745 1236 780 cf.
1264 745 1351 780 ΟΜ.
1378 745 1466 782 Krb.
1490 758 1526 792 p.
1553 755 1630 790 ¹3²·
1657 754 1696 782 et
1730 752 1733 754 '

195 794 329 828 Loesn.
353 804 386 837 p.
404 802 482 838 131.
503 803 587 827 cum
607 793 648 828 L.
665 793 714 831 N.
736 796 783 830 T.
806 795 923 830 Schw.
943 807 979 841 p.
999 798 1088 830 1166
1115 808 1161 829 m.
1183 805 1220 829 ec
1238 794 1326 830 Krb.
1390 797 1486 836 lam,
1522 793 1698 842 quemad-

193 843 349 878 modum
371 842 409 876 in
431 841 529 876 sacro
552 842 638 877 loco
658 843 880 891 copulantur
898 842 975 879 fine
993 843 1087 879 vitio
1105 843 1164 878 illa
1184 842 1285 878 [ubst.
1305 842 1405 890 syn„
1439 842 1486 878 iic
1506 855 1545 883 et
1564 843 1602 879 in
1617 843 1698 879 No·

193 890 252 926 stri
284 891 368 926 loco
398 892 508 926 verba
533 890 612 937 syn.
639 892 805 928 eiusdem
832 892 979 940 generis
1000 904 1041 926 ac
1066 892 1269 932 notioni33-
1286 891 1375 928 ficut
1401 906 1422 928 e
1443 894 1480 929 L.
1501 891 1581 929 Bos.
1608 890 1697 930 Obs.

192 938 297 976 Misc.
323 952 356 986 p.
373 949 429 982 98.
458 940 498 974 iu
518 940 727 976 adversariis
750 941 860 977 habui
888 941 1078 988 „copulari
1102 943 1282 986 φοβεῖσθαι,
1302 951 1340 976 et
1358 943 1566 989 προσδακᾷν,
1601 941 1698 984 verti

194 1001 267 1034 que
286 989 411 1024 timere
432 999 470 1023 et
488 990 705 1036 εκρεῦἕιινείῑ
729 1002 822 1037 quae
842 990 927 1026 sunt
944 989 1022 1037 syn.
1046 990 1166 1026 verbis
1185 989 1320 1026 Nostri.

291 1037 403 1085 Qiod
424 1036 585 1085 denique
611 1051 630 1073 a
649 1037 770 1075 Leisn.
793 1039 995 1087 quae-litum
1015 1039 1066 1075 est
1088 1039 1133 1075 de
1152 1043 1198 1076 ἐδ.
1218 1039 1336 1086 plusq.
1355 1037 1459 1074 simul
1482 1051 1566 1075 cum
1586 1037 1694 1085 impf.

194 1086 296 1128 sim„
324 1085 368 1121 ad
390 1085 425 1122 id
444 1086 612 1123 videmur
639 1086 710 1123 iam
730 1100 816 1124 ante
843 1087 1067 1136 respondisse
1093 1089 1130 1123 in
1153 1086 1313 1133 perfetio
1336 1086 1454 1135 posito
1477 1099 1559 1124 cum
1581 1087 1693 1134 praes.

193 1148 232 1171 et
251 1150 317 1183 pro
341 1135 472 1182 praefi,
501 1149 585 1171 cum
605 1136 906 1178 monstravimus,
934 1138 1056 1184 plusq.
1076 1136 1283 1173 adhibitum
1303 1148 1371 1183 pro
1392 1136 1523 1184 impf.‚
1549 1147 1590 1173 ut
1602 1136 1696 1171 adeo

190 1189 236 1221 ἓδ.
254 1191 292 1221 τὲ
311 1203 340 1221 κ.
364 1184 443 1226 sq'mr.
471 1185 563 1221 sumi
594 1197 732 1233 queant
753 1199 820 1232 pro
846 1186 992 1224 duobus
1018 1186 1147 1232 impf.,
1187 1198 1226 1223 et
1245 1190 1290 1223 ἐδ.
1313 1185 1465 1232 quidem
1492 1197 1560 1233 pro
1585 1183 1695 1231 impf.

190 1246 402 1280 propterea,
430 1235 516 1281 quia
536 1246 619 1271 cum
637 1235 708 1270 alio
727 1233 832 1282 impf.
856 1235 935 1278 ηἈπ.
957 1234 1146 1276 fimulstat,
1172 1234 1236 1283 qui
1259 1246 1393 1275 canon,
1420 1234 1698 1283 supradepr'ae-

189 1282 310 1320 tentis
333 1282 358 1319 s.
379 1281 476 1330 perf.
497 1283 644 1326 valens,
670 1295 708 1321 et
723 1285 797 1321 huc
817 1283 1085 1321 accommodari
1103 1283 1224 1331 potest
1244 1296 1285 1320 ac
1307 1284 1432 1321 debet.

832 1394 864 1424 1,
888 1390 920 1426 3,
945 1395 998 1418 12.
1016 1395 1066 1418 m.

288 1453 328 1460 —
345 1428 424 1474 τούς
447 1436 506 1476 μὲν
525 1434 640 1470 πειθοῖ
663 1437 696 1474 ἐς
718 1438 917 1477 συμμκχίκν
936 1435 1175 1478 προσηγάγετο
1193 1430 1242 1477 λ.)
1262 1430 1396 1467 blanda
1416 1429 1635 1480 perfida-(Ione
1654 1429 1695 1467 in

182 1479 386 1531 fiacie’tatem
401 1480 619 1528 pellexerat.
649 1483 791 1517 Memm.

290 1529 459 1566 Pertinet
478 1530 552 1565 hoc
568 1542 698 1566 contra
717 1531 754 1565 P.
768 1556 778 1570 ‚
806 1529 871 1576 qui
892 1527 1011 1566 omifit
1032 1529 1103 1565 det.
1123 1531 1255 1569 πειθοῖ,
1290 1540 1367 1564 non
1386 1527 1480 1564 item
1496 1529 1614 1564 Vern.
1635 1540 1697 1564 ve-

192 1591 251 1617 tus
273 1580 400 1623 (durch
413 1580 542 1624 Cute),
570 1579 610 1614 in
632 1579 736 1615 subst.
754 1597 790 1615 π.
815 1581 893 1625 Ξῑῖρ,
914 1579 987 1613 Th.
1014 1588 1147 1624 3,.134.
1163 1581 1210 1613 A.
1232 1589 1278 1612 m.
1297 1576 1518 1624 respiciente
1529 1578 1603 1613 huc
1616 1583 1699 1612 tan-

189 1639 272 1665 tum
292 1626 339 1664 fic
361 1631 631 1674 »πρεσάγεσθοᾳ
648 1631 781 1669 πειθοῖ,
809 1641 864 1673 ap.
886 1627 1068 1662 Herodiss
1096 1626 1169 1663 sine
1189 1627 1255 1662 Vs.
1268 1652 1278 1668 ,
1315 1637 1399 1662 curn
1417 1636 1524 1662 antea
1544 1625 1583 1660 in
1603 1625 1698 1661 locis

189 1677 347 1714 aliorum
369 1678 470 1713 varie
487 1676 711 1719 reddidisset,
739 1676 848 1712 etiam
862 1675 1110 1724 penj‘stmlcndo,
1136 1687 1178 1712 ut
1189 1675 1274 1711 Sch.
1295 1674 1333 1710 in
1349 1691 1388 1712 π.
1414 1679 1627 1720 »προσάγειν
1647 1674 1694 1725 εἵς

188 1744 244 1768 τι,
279 1726 318 1762 -υἱ
331 1725 563 1775 persuadendi
589 1725 786 1762 adsciscere
805 1727 842 1760 in
859 1746 916 1766 -—,
951 1737 993 1760 ut
1014 1726 1147 1770 sponte
1167 1722 1204 1759 id
1223 1723 1381 1760 faciant:
1417 1735 1501 1770 opp.
1520 1723 1557 1759 vi
1579 1735 1699 1759 armo-

187 1783 302 1813 rum“
328 1788 395 1822 pro
417 1775 541 1812 severo
559 1773 680 1823 suasu,
718 1786 780 1811 aut
800 1775 993 1821 (quoniam
1014 1773 1108 1810 illud
1130 1775 1177 1810 G.
1199 1774 1271 1809 Th.
1292 1773 1403 1808 modo
1432 1773 1543 1808 habet
1562 1785 1583 1808 e
1602 1773 1698 1808 Ter-

188 1826 271 1863 tull.
284 1849 295 1866 ‚
323 1824 383 1862 sed
402 1824 620 1873 persutgsione
643 1825 749 1870 plane
769 1837 846 1860 non
869 1823 927 1858 illa
938 1823 1119 1865 notione,
1147 1822 1187 1858 it.
1199 1820 1407 1870 persuasum
1421 1821 1531 1857 modo
1543 1833 1584 1857 ex
1596 1819 1698 1868 Ulp.)

186 1887 256 1923 per
278 1873 358 1920 syn.
388 1874 625 1923 persuadendo
645 1884 684 1909 et
698 1874 898 1921 suadendo,
933 1872 1043 1908 nobis
1065 1872 1174 1908 durch
1196 1871 1377 1912 Zuredcn,
1416 1869 1697 1916 Ueberredung,

197 1922 440 1971 Vorstellung,
474 1921 516 1958 it.
539 1923 692 1959 liberius
717 1922 828 1959 durch
854 1919 1017 1970 gutliche
1051 1920 1275 1970 Vorschliz'ge,
1307 1921 1491 1969 Antr'age,
1525 1918 1698 1955 Anerbie-

187 1974 344 2021 thungen
363 1972 400 2008 it.
434 1970 738 2020 Versprechungen
751 1993 761 2008 ,
795 1983 878 2008 cum
898 1971 1065 2007 videatur
1085 1972 1243 2010 Marcus,
1271 1968 1379 2004 millis
1398 1968 1628 2016 acceptisque
1645 1968 1697 2004 le-

187 2022 303 2070 gatis,
333 2033 418 2057 cum
439 2021 483 2057 iis
502 2021 632 2069 egill‘e,
656 2033 706 2057 ne
725 2021 866 2057 bellum
882 2031 920 2057 et
938 2031 1050 2055 noxas
1070 2019 1275 2060 inferrent,
1299 2016 1415 2064 idque
1439 2017 1498 2053 vel
1516 2015 1627 2054 causis
1645 2014 1699 2051 af-

186 2070 355 2108 ferendis
368 2095 378 2110 ,
406 2071 539 2118 quibus
560 2070 706 2117 proprie
722 2070 904 2110 suadetur,
930 2068 988 2105 vel
1010 2066 1210 2104 offerendis
1229 2065 1434 2103 commodis
1452 2079 1494 2103 ac
1513 2065 1697 2113 praemiis,

187 2132 285 2166 quae
303 2118 495 2167 potentins
514 2120 633 2155 verbis
654 2121 884 2167 loquuntur,
920 2117 1247 2165 promittendaque
1266 2115 1427 2152 amicitia
1447 2126 1485 2151 et
1503 2114 1696 2152 adiumen-

187 2181 230 2206 to
250 2169 294 2205 ad
313 2168 396 2205 usus
417 2168 645 2205 neceffarios.
697 2165 868 2205 Omnino
883 2165 982 2203 enim
1004 2165 1106 2202 subst.
1125 2164 1231 2203 πειθώ
1244 2177 1359 2212 aeque
1378 2166 1454 2201 late
1471 2160 1696 2201 videtur‘sac-

187 2219 283 2265 cipi,
309 2229 351 2253 ac
370 2230 405 2254 v.
423 2218 532 2254 affine
551 2219 691 2259 πείθειν,
717 2218 818 2264 quod
840 2229 918 2252 non
940 2217 1052 2252 modo
1072 2214 1120 2251 est
1140 2214 1259 2251 verbis
1282 2213 1529 2262 precibusque
1538 2212 1696 2253 fleam-e,

185 2267 252 2305 sed
271 2266 383 2302 etiam
404 2278 627 2314 quacunque
647 2265 795 2303 ratione
814 2265 877 2302 fibi
896 2265 989 2301 alios
1007 2264 1223 2303 conciliare,
1253 2275 1404 2310 pacare,
1427 2262 1466 2298 in
1487 2271 1606 2309 partes
1619 2262 1697 2309 pel-

186 2316 302 2359 licere
331 2314 431 2358 suas,
470 2315 581 2352 etiam
610 2315 769 2362 pecunia
795 2327 833 2352 et
860 2313 990 2357 donis,
1034 2312 1082 2350 cf.
1102 2311 1190 2350 Obs.
1213 2313 1265 2348 M.
1285 2313 1330 2349 A.
1352 2312 1450 2349 Nov.
1475 2312 1523 2348 T.
1545 2320 1577 2356 3.
1608 2322 1643 2358 p.
1662 2315 1698 2351 8.

186 2366 275 2402 Abr.
295 2363 372 2400 Dil.
393 2364 466 2401 Th.
487 2377 523 2413 p.
540 2367 617 2409 165.
634 2365 658 2400 i.
685 2366 771 2401 Krb.
789 2364 833 2400 ad
847 2365 893 2400 Ν.
903 2363 948 2398 Τ.
973 2375 1007 2410 p.
1027 2374 1086 2407 77.
1113 2363 1249 2398 Loesn.
1273 2373 1309 2408 ρ.
1322 2365 1381 2404 68.
1394 2366 1442 2397 ιη’.
1469 2360 1551 2398 Ind.
1571 2359 1613 2396 R.
1629 2354 1696 2395 Or.

185 2415 235 2451 V.
255 2417 290 2450 6.
309 2425 341 2457 7.
370 2414 459 2450 Ant.
480 2425 519 2451 et
537 2415 647 2450 Dem.
673 2413 714 2450 it.
736 2414 830 2450 Xen.
852 2411 959 2448 Bach.
982 2423 1066 2448 cum
1088 2411 1188 2447 Hell.
1212 2410 1309 2447 Mor.

273 2456 332 2499 'Et
354 2462 510 2510 pecunia
528 2463 680 2513 quidem
698 2474 745 2498 an
763 2463 912 2498 Marcus
933 2459 977 2496 ad
990 2462 1196 2497 Germanos
1216 2457 1372 2513 usus-sit,
1397 2457 1532 2495 nescio.
1559 2505 1567 2514 ι
1583 2457 1696 2513 <Pom-

185 2512 318 2549 modus
336 2511 420 2548 sane
447 2524 480 2554 1,
499 2515 534 2556 6,
556 2516 611 2549 26.
632 2523 671 2550 et
689 2510 900 2550 Alexander
914 2514 948 2554 6,
961 2523 997 2554 7,
1013 2522 1071 2547 21.
1093 2522 1220 2558 pacem
1233 2509 1277 2545 ab
1299 2509 1344 2546 iis
1364 2518 1476 2555 atque
1497 2516 1696 2543 amicitiam

187 2559 239 2598 ita
262 2559 511 2599 redemerunt.

285 2609 425 2650 Quoad
446 2606 643 2647 formulam
664 2619 802 2652 autern.
823 2609 947 2646 nostro
965 2609 1050 2656 loco
1067 2605 1194 2644 similia
1215 2605 1303 2643 sunt
1314 2605 1403 2642 haec
1417 2604 1530 2643 Diod.
1540 2605 1574 2640 S.
1587 2615 1620 2644 2.
1637 2614 1693 2647 17.

187 2659 211 2695 l.
232 2663 288 2704 68·
313 2661 378 2696 τῶν
398 2656 523 2698 πόλεων
545 2656 582 2700 ἒς
598 2666 657 2705 μὲν
674 2663 792 2698 πειθοῖ
813 2656 1085 2704 προσαγὸμενοι,
1121 2653 1161 2698 ἃς
1179 2659 1214 2694 δὲ
1236 2676 1274 2683 -
1291 2661 1351 2704 βίᾳ
1370 2652 1576 2701 χειρούμενοι
1589 2678 1598 2694 ,
1633 2663 1694 2688 ur-

188 2707 292 2758 bium
316 2708 401 2746 aliis
427 2707 677 2756 persuasione,
709 2708 795 2746 aliis
821 2707 856 2746 vi
869 2706 1046 2758 subafflis,
1072 2716 1151 2755 231.
1169 2705 1267 2752 l.99.
1296 2708 1361 2745 τῶν
1378 2715 1457 2744 πολ.
1477 2701 1518 2746 ἃς
1545 2707 1604 2760 μὲι(
1633 2706 1694 2762 βὶςε
