1798 3163
0 506 8 536 d

184 134 355 182 LIBER
371 134 402 180 1.
448 107 647 180 CAP.V.'
686 134 740 179 A.
760 132 815 179 v.
839 134 884 179 c.
908 145 1017 192 933.
1056 134 1194 181 cHR.
1215 133 1279 181 N.
1308 141 1411 187 180.
1489 151 1577 197 ης

66 251 264 327 ’,ἦλικίας
284 252 649 320 καταφξουῆσαν,
662 247 726 299 ‘roc'
746 270 794 299 τε
818 249 1235 322 praebebit‚aetatem
1244 253 1581 326 nqstramasper-

65 369 244 398 monetur
264 357 311 395 de
332 358 399 394 hac
415 356 536 394 forma
553 355 701 399 Attica,
723 369 793 404 pro
813 357 912 405 vulg.
933 368 997 403 per
1016 370 1077 404 qe,
1096 355 1275 412 weffi.?¹d
1294 356 1458 413 D,¹⁰0d·s·
1472 372 1504 402 2,
1517 369 1576 402 28.

59 409 92 447 l.
114 421 152 446 et
169 409 219 448 N.
243 420 299 444 22.
314 432 326 450 ‚
356 406 418 444 ubi
438 416 502 450 τῆς
517 415 582 445 τῶν
603 409 827 453 Σπαρτιατῶν
851 410 1016 450 δυνάμεως
1042 417 1108 452 pro
1135 417 1255 452 copus
1284 406 1508 446 militaribus
1538 420 1579 448 et

64 456 235 496 exercitu
258 457 398 505 capias,
432 467 472 492 et
491 456 584 494 adeo
605 469 639 493 v.
658 468 740 492 cum
760 468 844 504 gen.
865 455 982 504 pers..
1020 453 1136 502 qualis
1155 454 1256 490 casus
1276 467 1316 492 et
1334 456 1385 492 ibi
1408 457 1576 501 affertur,

62 506 106 545 it.
127 519 210 556 gen.
234 507 309 549 rei,
333 504 397 554 qui
410 504 521 542 etiam
541 519 597 552 ap.
610 505 734 541 Nostr.
757 509 791 546 6,
813 515 844 550 3,
869 516 923 542 ιο.
947 507 1011 541 τῶν
1033 502 1200 550 ὑμετέρων
1224 499 1332 542 ὅπλων
1353 504 1574 554 καταθκρῥῆ-

63 571 149 598 σας,
174 564 229 592 καὶ
246 564 306 597 τῆς
328 555 490 599 Ῥωμαίων
509 550 606 601 δέξης
626 553 911 600 καταφρονήσας,
940 554 1002 590 sed
1019 555 1111 590 Luc.
1127 567 1158 596 2,
1173 562 1252 599 243.
1273 555 1298 590 Ι.
1320 565 1374 599 47.
1396 555 1578 604 „ardab-

63 604 195 652 ἑυῦντες
214 606 262 648 τῷ·
282 610 389 652 ςίχῳ,
415 604 554 648 ἠμέλουν
574 616 606 641 Λ.
621 629 631 645 ,
656 604 791 652 fiducia
808 602 992 645 versiculi,
1035 603 1271 651 negligentius
1295 605 1472 652 agebant,
1507 618 1574 652 per

0 653 2 661 '
58 653 166 691 subst.
184 654 260 703 syn.
281 655 351 691 abi.
371 654 516 690 nudum
536 654 715 689 converso
739 653 929 708 particip3,
957 665 1023 699 pro
1035 654 1110 689 Lat.
1131 651 1285 701 confist's.
1299 653 1421 702 freti,
1447 655 1513 691 ubi
1536 668 1572 691 v.

57 703 101 739 in
121 703 256 738 bonam
279 715 418 750 partem
438 713 478 740 et
496 715 581 739 cum
600 703 674 739 dat.
696 703 771 743 rei,
799 712 837 738 et
858 704 937 749 ipio
961 702 1151 749 pendente
1172 715 1190 737 a
1215 714 1339 749 praep.
1354 723 1365 740 ‚
1392 714 1434 739 ut
1446 704 1573 741 rursus

58 763 146 789 cum
165 751 237 787 dat.
264 751 355 800 pers.
371 778 382 794 ,
410 751 472 789 sed
491 765 564 789 acc.
583 752 638 788 rei
660 764 716 798 ap.
734 751 815 788 Zos.
836 765 871 798 4,
894 763 950 794 51.
965 764 996 787 2.
1024 748 1133 797 τούτῳ
1153 755 1222 797 ’γᾶς
1241 757 1354 789 πάντα
1372 751 1391 789 0‘
1408 753 1571 797 βασιλεῦς

57 800 264 848 κατεέάξρει
277 826 288 842 ,
314 804 379 838 τῶν
398 798 509 839 ἔλων
528 801 717 847 ὀλιγωρῶν,
750 800 837 837 huic
857 801 948 836 enim
970 799 1143 848 princeps
1163 802 1279 836 omnia
1299 803 1451 839 credere
1468 827 1480 844 ,
1510 816 1573 840 nec

57 851 226 894 reliquos
249 853 371 899 magni
390 850 596 901 aestimare,
625 851 738 886 immo
763 851 879 887 onmia
899 852 1063 886 credebat
1078 874 1088 890 ‚
1116 850 1387 905 conc-tedebat?
1416 854 1571 901 reliquos

57 911 186 948 parum
205 913 337 936 curans
355 900 380 937 s.
399 900 611 942 aestimans,
642 901 753 942 alios,
785 898 940 936 aliorum
962 899 1162 947 negligens,
1201 910 1338 935 iterum
1361 913 1403 936 m
1425 914 1570 948 partem

56 948 275 991 meliorem,
311 961 380 996 pro
409 951 490 987 Lat.
518 950 756 990 committere,·
791 960 864 998 qua
891 948 1050 984 notione
1077 960 1156 984 non
1183 948 1295 984 habet
1319 950 1365 985 G.
1388 951 1462 987 Th.
1485 952 1572 989 Lat.

47 999 166 1047 fidere
183 1010 225 1034 ac
249 999 441 1047 confidere,
478 998 540 1035 sed
568 1009 692 1034 tamen
725 998 844 1033 nostra
875 996 1002 1045 lingua
1029 1007 1227 1032 vei-tranen
1245 1007 1286 1033 et
1303 1010 1569 1042 anvertrauen,

57 1047 101 1086 it.
119 1049 291 1085 betrauen
305 1075 315 1090 ‚
347 1047 536 1095 peculiare
554 1047 627 1083 hoc
645 1047 766 1082 titulis
786 1045 996 1093 principum
1016 1046 1202 1086 virorum
1231 1058 1286 1101 *ut
1307 1045 1358 1083 ibi
1379 1048 1408 1096 §.
1433 1062 1485 1095 pr.
1514 1049 1571 1086 di-

55 1096 151 1135 serte
164 1122 175 1139 ,
214 1099 282 1135 τῶν
298 1101 361 1139 τὰς
384 1097 499 1143 α’ςχόις
519 1100 828 1141 ἐπι-τετραμμένων,
866 1108 912 1129 ex
933 1096 979 1131 iis
997 1104 1136 1136 autem,
1172 1095 1308 1143 quibus
1328 1108 1435 1133 erant
1464 1109 1566 1135 com-

55 1145 146 1182 miffi
167 1145 420 1196 magistratum
447 1154 606 1182 tenente
627 1147 672 1182 G.
697 1148 729 1180 Τ
731 1145 768 1181 h.
789 1156 868 1181 non
890 1146 976 1193 Eg„
1009 1144 1069 1180 sed
1090 1143 1167 1181 fine
1187 1146 1253 1180 Gr.
1279 1149 1571 1195 „prae-fidens,-

53 1194 163 1231 valde
182 1188 327 1231 fiffens·‘
353 1207 410 1242 ap.
430 1194 516 1232 Niz.
537 1195 654 1231 modo
675 1207 740 1242 per
756 1195 928 1243 confidens
947 1193 1186 1241 explicatum,
1214 1205 1257 1231 nt
1278 1195 1427 1237 nescias,
1456 1209 1570 1244 quam

53 1241 131 1279 vim
154 1242 220 1279 suo
241 1243 418 1280 tribuerit
440 1247 500 1292 Bg.
516 1269 527 1286 ,
557 1243 639 1279 aliis
657 1255 812 1290 quoque
830 1242 870 1280 in
891 1244 957 1280 Gr.
974 1256 1096 1292 praep.
1121 1244 1262 1291 aliquid
1284 1248 1566 1292 quaerentibus,

52 1302 97 1329 ut
116 1293 156 1328 L.
178 1292 264 1329 Ern.
290 1310 348 1336 ,,κ.
368 1293 408 1329 in
433 1293 598 1340 compos.
618 1303 773 1329 notat—
790 1293 832 1340 γ)
851 1293 979 1335 vaide,
1003 1292 1028 1330 s.
1045 1292 1214 1330 intendit
1231 1292 1568 1342 fignificationem“

50 1351 94 1377 et
107 1343 152 1379 Z.
171 1342 216 1378 ad
237 1341 324 1390 Vig.
344 1347 472 1390 p.6i9.
495 1344 528 1379 b.
553 1355 601 1378 m.
621 1345 686 1389 ‚,6)
709 1341 870 1391 augendi
890 1344 964 1379 vim
979 1343 1111 1385 habet,
1137 1346 1377 1390 κατελπίζειν,
1405 1345 1566 1382 omnino

43 1387 206 1441 sperare,
224 1412 261 1420 —
287 1389 516 1431 καταπιςεᾶειι
535 1396 611 1434 ταῖς
628 1397 724 1434 ἰδίαις
743 1396 909 1436 δυνάμεσι,
929 1393 1110 1440 confidere,
1135 1392 1290 1439 Polybf·
1313 1407 1357 1430 ex
1373 1395 1451 1430 ind.
1466 1396 1566 1439 Exn..

48 1442 151 1478 forte
173 1454 238 1488 pro
259 1440 376 1487 fimpi.
405 1440 604 1483 sumentis,
648 1454 735 1478 cum
756 1441 925 1477 omiserit
953 1442 1033 1477 adv.
1054 1443 1213 1490 augendi
1238 1442 1420 1490 aliquod,
1457 1456 1501 1482 ut
1518 1446 1565 1482 Ζ.

49 1488 146 1537 ipse3
169 1489 231 1527 hic
252 1502 297 1527 ut
316 1489 359 1527 fit
384 1503 419 1526 v.
438 1490 604 1527 nostrum
622 1491 662 1527 in
683 1490 908 1527 deteriorem
929 1503 1069 1538 partem
1090 1491 1311 1532 adhibitum,
1337 1506 1376 1529 et
1396 1505 1473 1535 aut,
1493 1507 1563 1542 pro

47 1538 161 1592 fimpl.
178 1563 189 1580 ,
214 1539 382 1576 audacter
401 1539 545 1583 facere,
573 1540 746 1577 audacem
768 1540 859 1581 effe,
896 1541 1060 1577 animum
1086 1553 1125 1577 et
1153 1541 1304 1588 ipiritus
1332 1543 1476 1579 sumere
1507 1556 1564 1581 at-

48 1599 125 1637 que
143 1587 358 1631 ostendere,
380 1601 465 1630 aut..
494 1601 581 1626 cum
602 1590 638 1626 vi
657 1590 719 1625 ina
738 1589 984 1632 intendendi.
1013 1589 1125 1627 nimis
1147 1590 1323 1626 audacem
1345 1592 1416 1628 effe
1430 1618 1439 1632 .
1477 1594 1564 1639 (no-

47 1637 106 1675 bis
122 1638 229 1674 Mutb
250 1639 273 1674 s.
296 1640 472 1676 Kie'hnbeit
491 1650 616 1689 genug
636 1641 778 1683 bahem)
798 1651 927 1676 contra
945 1652 1028 1682 nos,
1063 1640 1239 1687 suppleto
1261 1652 1371 1686 pron.
1394 1640 1505 1686 ἡμῶν,
1542 1656 1564 1680 e

48 1698 104 1735 pr.
123 1687 155 1735 §.
182 1686 266 1724 casu
284 1688 358 1725 alio
380 1687 478 1733 η’μῑν,
511 1699 575 1726 aut
593 1688 638 1725 ad
658 1688 894 1725 redeundum
915 1686 955 1725 in
974 1700 1086 1726 terras
1104 1689 1255 1732 nostras,
1283 1692 1327 1727 ad
1348 1691 1488 1728 bellurn
1506 1705 1565 1728 re-

47 1737 278 1782 petendum,
313 1736 356 1772 ad
387 1736 524 1774 iterum
555 1737 823 1779 lacessendum,
867 1751 932 1786 per
951 1739 1003 1776 Vs
1043 1741 1160 1780 hanc,
1192 1740 1351 1776 barbara
1382 1752 1472 1790 gens
1496 1742 1562 1778 illa

47 1783 335 1829 (Germanorum
355 1797 426 1823 ete.
458 1787 505 1822 cf.
529 1799 558 1828 1,
580 1797 613 1832 3,
637 1799 718 1831 15..
753 1786 913 1823 articulo
942 1800 1011 1836 pro
1042 1801 1152 1835 pron.
1182 1798 1221 1825 et
1247 1788 1309 1825 hic
1336 1788 1492 1838 summ.)
1521 1793 1563 1828 in

48 1831 162 1869 initio
184 1834 269 1869 novi
287 1833 517 1881 principatus
536 1836 712 1884 reprejffit,
744 1836 884 1882 repulsa
905 1849 987 1874 curn
1008 1838 1113 1875 clade
1136 1850 1176 1874 ac
1197 1838 1354 1882 inaura,
1390 1854 1500 1889 neque
1519 1841 1561 1878 in

44 1880 210 1932 praesens
227 1883 343 1918 audax
371 1884 465 1925 erit,
496 1885 560 1920 rel.
573 1910 585 1927 ‚
611 1886 722 1920 etiam
745 1887 806 1932 ug.
827 1898 847 1921 e
863 1886 903 1922 P.
921 1886 965 1921 ad
985 1886 1020 1922 se
1039 1887 1150 1923 relata
1168 1885 1244 1924 οὔτε
1261 1907 1302 1915 —-
1315 1895 1355 1926 τὲ
1377 1888 1561 1927 servante.

63 1950 65 1954 ¹
96 1934 156 1974 τῆς
176 1930 282 1975 vinca.)
310 1933 442 1973 Deest,
467 1934 526 1969 vel
548 1934 715 1970 relickum
736 1935 786 1970 est
809 1935 1104 1973 subaudiendum
1126 1936 1303 1983 ἧμετὲςκς.
1325 1940 1443 1987 steph.
1489 1940 1561 1977 Re-

45 1978 159 2017 lative
179 1981 326 2017 dietum.
378 1980 552 2019 Refertur
578 1982 679 2019 enim
700 1983 744 2019 ad
762 1995 848 2032 gen.
870 1984 955 2021 illos
972 1993 1046 2025 νέας
1066 1984 1125 2029 ἦγ.
1140 2011 1151 2027 ,
1175 1997 1288 2033 atque
1308 1988 1405 2024 idem
1419 1986 1491 2029 est,
1516 2001 1560 2026 ac

45 2028 72 2067 fi
94 2029 379 2067 demonstrative
408 2031 571 2072 dixiss'et.
605 2037 709 2076 τῆσδε
735 2041 796 2074 τῆς
817 2031 869 2075 sia.
899 2033 923 2068 s.
941 2042 1003 2077 τῆς
1023 2034 1190 2081 ἡμετέρας
1214 2035 1267 2075 κἈ.
1288 2037 1378 2083 Sylb.
1430 2037 1561 2086 Longe

44 2078 179 2116 melius
196 2079 295 2125 Sylb.
317 2081 426 2116 Boect.
485 2080 607 2117 Facile
629 2095 688 2118 me
705 2082 858 2118 adduxit
878 2083 983 2129 δεμ,
1013 2094 1055 2119 ut
1072 2096 1158 2120 cum
1179 2097 1225 2119 co
1248 2085 1418 2122 excidiffe
1438 2086 1559 2131 ἡμετέ-

43 2143 107 2174 μς
125 2129 305 2172 velante,
328 2130 387 2165 vel
406 2129 486 2177 post
506 2129 595 2172 ἧλικ.
620 2132 822 2174 crederem,
852 2133 955 2179 quod
977 2134 1026 2169 ob
1046 2133 1257 2171 litterarum
1277 2134 1558 2176 fimiutudinem

43 2175 154 2215 facile
174 2175 251 2214 fieri
277 2180 406 2226 potuit
440 2180 576 2215 Stroth.

145 2227 175 2262 Α
194 2227 235 2264 Ρ.
258 2229 375 2271 (unde
395 2239 435 2265 et
458 2230 518 2278 Bg.
543 2242 651 2276 pron.
679 2229 850 2275 retinet,)
871 2230 979 2267 venit
998 2233 1102 2278 Stp.‚
1131 2243 1175 2269 ut
1199 2232 1305 2276 alias,
1341 2236 1391 2273 ·ad
1425 2249 1555 2275 emen-

42 2275 234 2314 dationem
260 2290 322 2314 aut
342 2276 660 2325 supplementum,
689 2281 791 2328 quod
812 2280 896 2316 sane
919 2280 1065 2322 tutius,
1105 2295 1189 2318 cum
1219 2296 1258 2320 et
1275 2285 1365 2323 Mss.
1388 2296 1554 2330 taceant.

41 2336 84 2362 et
100 2324 186 2363 alibi
209 2327 340 2364 Noster
361 2328 552 2374 opprimat
580 2341 688 2376 pron.
715 2328 874 2376 poss‘effi,
910 2330 1020 2366 etiam
1052 2331 1219 2379 proxime
1245 2333 1285 2370 in
1303 2347 1360 2382 pr-
1382 2343 1458 2379 νέας
1479 2336 1552 2383 η’·νη

39 2372 104 2411 ubi
125 2374 165 2410 id
183 2387 336 2424 quoque
356 2377 503 2424 supplet
523 2379 637 2415 Vern.
658 2391 728 2416 rec.
742 2404 753 2421 ,
783 2380 978 2426 ignorante
989 2382 1056 2427 δερ
1091 2382 1164 2417 Th.
1182 2394 1358 2420 neutrum
1378 2384 1450 2421 hoc
1471 2399 1555 2433 par-

39 2422 186 2470 ticipii,
220 2425 275 2471 gin
302 2437 378 2473 quo
406 2426 468 2463 hic
495 2428 546 2465 est
570 2429 696 2465 causae
716 2431 847 2468 notio,
889 2429 1036 2476 prodita
1060 2429 1172 2468 eti²m
1199 2443 1219 2468 a
1242 2433 1279 2470 Ρ.
1303 2447 1368 2481 per
1390 2435 1554 2475 liberum

36 2473 108 2509 abl.
127 2474 230 2511 subst.
251 2475 347 2522 syn.)
367 2475 408 2514 it.
431 2478 508 2514 Lat.
532 2479 616 2527 eg„
647 2491 703 2525 ap.
736 2481 781 2516 G.
798 2475 883 2515 Th.
911 2490 997 2516 cum
1017 2479 1078 2516 Gr.
1101 2492 1165 2523 n.‚
1205 2480 1255 2518 cf.
1275 2481 1392 2521 fimile
1412 2485 1509 2523 inud
1531 2499 1550 2525 t

35 2521 140 2560 Tim.
160 2538 193 2566 4,
216 2537 271 2560 12.
291 2536 332 2561 et
351 2527 454 2572 supra
480 2539 510 2569 ι,
532 2541 566 2573 4,
593 2536 644 2568 18.
667 2527 691 2563 i.
712 2528 757 2564 ad
775 2533 865 2574 ἐπιβ.

85 2577 131 2610 τά
150 2574 207 2620 τε)
233 2575 302 2610 Pro
324 2575 381 2611 his
402 2577 494 2612 alius
517 2577 669 2623 scriptor
688 2577 830 2614 dixiss‘et
849 2576 970 2620 forte,
1002 2589 1066 2620 „et
1091 2578 1223 2617 futuro
1243 2592 1417 2629 tempore
1442 2597 1551 2622 vere-

36 2618 137 2658 bitur
156 2633 226 2658 nos
245 2623 344 2660 beno
363 2624 501 2662 iterum
521 2626 693 2676 aggredi,
731 2640 773 2664 ex
798 2627 1057 2665 recordatione
1075 2641 1228 2673 eorum,
1262 2643 1357 2680 quae
1377 2633 1469 2671 olim
1490 2648 1552 2672 ex-

33 2681 140 2718 perta
162 2671 211 2707 est
231 2673 464 2709 incommoda
487 2675 524 2711 in
546 2677 667 2720 beno,
693 2676 891 2713 nobiscum
908 2678 1034 2724 gesto·‘
1057 2679 1118 2714 sed
1134 2681 1270 2717 Noster
1290 2683 1451 2725 brevius,
1478 2687 1550 2732 fn-

34 2718 121 2756 t'ura
148 2719 383 2764 formidabit.
411 2725 504 2760 mala
525 2724 599 2761 scil.
622 2737 661 2763 et
682 2726 942 2767 incommoda,
978 2739 999 2765 e
1021 2728 1120 2764 beno
1137 2742 1238 2765 novo
1258 2729 1322 2768 fibi
1342 2745 1548 2778 eventura;

34 2766 295 2811 subintellefto
321 2771 429 2812 subst.
453 2779 671 2823 πράγματα,
715 2775 860 2816 futuras
886 2786 967 2820 res,
998 2787 1106 2829 *quae
1129 2779 1270 2819 deinde
1309 2779 1544 2823 definiuntur
