1772 3158
83 100 253 146 LmER
271 99 304 143 1.
338 97 603 146 CARXIV.
640 99 695 144 A.
720 97 777 146 v.
801 97 851 144 c,
880 107 1004 154 945.
1040 68 1406 154 cr—rR.N.192.
1451 99 1552 155 635

57 220 159 263 λεῖν.
217 210 286 262 τᾶν
308 212 385 279 μὲν
421 210 487 261 οὖν
515 205 792 280 αἷνόξιοὶνται
828 217 1043 281 Equidem
1082 216 1261 264 statuam
1302 217 1420 263 illam
1465 215 1564 283 post

56 287 178 351 μετοὶ
198 286 268 346 τήν
287 289 437 338 ἐκείνου
452 284 650 342 τελευτὴν
673 287 792 336 καθ-
827 295 921 340 eius
961 292 1132 340 obitum
1174 293 1414 340 demolitus·
1447 296 1563 340 sena-

146 412 176 457 1)
200 411 262 448 MS.
280 411 336 443 Ba.
358 413 461 444 ταῦτα
481 415 535 450 μὲν
561 410 606 443 οὖν
626 411 726 442 πέντε
741 414 818 449 μετὰ
837 419 869 444 7..
895 422 930 446 v.
947 411 995 445 N.

59 515 191 558 ψυχαῖς
213 515 380 559 ἐπάξειν,
407 523 483 559 quo
503 521 542 548 et
560 510 722 551 redeunt
732 511 815 547 Sch.
837 509 877 548 in
903 515 995 552 „lem
1012 509 1192 560 imagines
1209 511 1293 548 illas
1310 509 1447 559 praese
1467 509 1566 549 ferre

61 573 240 603 terrores,
266 572 304 607 φ.
323 562 498 609 imagines
523 566 662 597 metum
682 572 775 610 prae
791 560 827 597 se
839 562 980 608 ferrffl
1006 561 1071 609 qui
1093 573 1113 596 e
1132 562 1171 598 P.
1193 559 1305 597 modo
1327 560 1468 597 retinet
1488 561 1568 596 sor·

58 611 197 647 mulam
213 611 340 652 verbi,
364 623 444 647 non
463 610 558 647 iteni
573 612 648 647 duo
667 610 767 648 subst.
780 636 791 652 ,
828 610 902 648 sese
918 610 1081 647 invicem
1103 609 1344 659 explicantia,
1374 609 1435 646 sed
1454 622 1496 646 ut
1514 609 1566 645 al-

59 671 180 696 terum
207 672 228 696 e
255 671 290 695 v.
317 663 380 697 ἀπ.
413 659 566 695 ᾰιιέὶιιῐη
593 659 656 702 fit,
693 660 818 708 potius
847 672 912 708 per
941 660 1151 697 libertatem
1171 660 1385 700 solennem,
1413 671 1522 708 quam
1543 671 1566 695 e

56 708 333 756 conspiratione
352 709 521 745 cumMs.
534 711 619 751 Ba.;
655 709 815 746 severius
835 720 971 757 agente
987 711 1073 757 Bg..
1099 708 1159 746 sed
1182 709 1225 745 ad
1245 709 1467 745 sententiam
1480 719 1566 745 ean-

59 758 166 800 dem,
195 770 263 805 pro
292 758 461 795 incutere
481 770 660 796 terrorem
683 772 749 806 per
767 757 882 794 minas
908 758 933 794 s.
957 759 1116 806 speciem
1138 758 1343 795 minantem
1365 770 1405 793 ac
1423 756 1570 794 terribi-

55 807 152 850 lem;
184 808 387 854 praebente
403 808 450 844 G.
476 809 547 844 Th.
568 808 608 844 in
628 821 662 846 v.
689 811 750 857 ssg.
770 821 800 844 e.
825 808 1089 856 „promittet-e,
1106 829 1146 836 —
1163 820 1250 855 prae
1267 806 1302 845 se
1321 808 1431 849 ferre,
1457 806 1570 843 iasta-

56 865 128 893 re“
154 870 199 893 ex
221 857 311 893 Hor.
331 869 390 904 ep.
406 870 439 899 r,
461 866 495 900 8,
521 868 552 902 3.
568 882 580 900 ‚
607 858 670 894 ubi
693 857 816 893 Lamb.
845 857 1002 897 „eadem
1015 856 1064 893 est
1082 855 1271 894 interdum
1291 870 1325 893 v.
1345 861 1490 894 ἀπειλεῖν
1508 868 1569 903 ap.

56 908 124 943 Gr.
153 902 402 954 fignificatio“
429 907 534 955 quod
560 919 640 944 non
667 907 815 944 aliunde
844 906 956 942 habui
976 918 1059 942 cum
1080 905 1260 952 subite„
1292 906 1476 953 capiendo
1499 905 1571 942 illo

59 956 107 992 de
127 966 234 991 motu
253 955 366 991 animi
389 967 430 991 ac
449 956 551 993 sensu
576 955 687 998 tristi,
715 969 789 1004 quo
803 955 1012 1004 cogitantur
1034 956 1124 991 mala
1147 955 1287 998 futura,
1314 957 1373 992 vel
1393 955 1504 992 etiam
1521 954 1570 991 de

57 1017 99 1040 re
118 1004 192 1051 ipsa
213 1003 392 1046 terribili,
417 1005 532 1048 mala,
559 1005 774 1052 periculosa,
801 1004 847 1042 de
867 1005 988 1046 malis,
1012 1003 1200 1052 periculis,
1225 1004 1386 1046 damnis,
1404 1004 1451 1040 cf.
1470 1003 1571 1041 alibi.

58 1054 133 1090 Sed
156 1052 243 1088 Sch.
272 1053 312 1089 in
337 1061 427 1094 „rba
455 1055 629 1102 imagines
648 1075 687 1082 -
706 1054 847 1100 pietas«
884 1054 1001 1094 male,
1033 1066 1138 1096 cum,
1175 1064 1218 1089 ut
1237 1053 1395 1090 dietum,
1415 1054 1571 1090 -Nostet

59 1102 203 1138 varians
231 1102 417 1151 intelligat
437 1105 582 1140 easdem
601 1115 685 1140 cum
705 1104 737 1150 §.
758 1115 812 1149 pr.
831 1106 943 1148 5:133..
980 1114 1051 1149 qua
1071 1103 1115 1138 de
1133 1104 1317 1144 notione,
1354 1114 1422 1149 pro
1442 1103 1572 1143 statua,

59 1150 196 1188 diserte
214 1151 366 1197 quidem
388 1151 480 1187 nihil
502 1164 607 1190 tenet
617 1155 697 1198 Stp.
714 1152 810 1193 Th„
839 1153 902 1187 sed
923 1164 1045 1187 tamen
1068 1164 1132 1199 per
1149 1154 1358 1198 exemplum
1381 1163 1425 1186 ex
1437 1151 1572 1188 Aesch-

57 1203 126 1237 Or.
155 1203 247 1245 αὐτῷ
265 1209 400 1245 χαλκῆν
425 1197 534 1240 εἰκόνα
561 1199 800 1244 ςαὲιῖσεσθωι,
841 1200 888 1237 cf.
907 1200 991 1236 lnd.
1014 1200 1056 1237 Is.
1077 1202 1143 1237 EV.
1164 1211 1204 1237 et
1222 1201 1307 1241 Sb..
1341 1201 1405 1248 qul
1429 1212 1467 1237 et
1491 1199 1574 1246 lpse

57 1250 148 1285 haec
173 1251 250 1286 duo
269 1250 374 1286 subst.
404 1250 502 1286 inter
527 1250 564 1287 se
593 1261 800 1299 comparat,
832 1261 875 1286 ut
894 1251 940 1288 G.
959 1249 1030 1286 Th.
1059 1249 1100 1286 in
1119 1251 1182 1299 Bg.
1205 1261 1291 1287 cum
1312 1250 1377 1286 Gr.
1401 1261 1439 1285 n.
1467 1249 1573 1291 „fre-

57 1311 178 1348 quens
194 1298 245 1334 est
263 1300 309 1334 de
328 1298 498 1335 statuis.“

105 1346 164 1384 τᾶν
183 1353 243 1393 μὲν
262 1341 316 1385 effu
333 1352 440 1394 ἂνόρ.)
464 1351 497 1385 Js
514 1348 656 1386 scilicet
678 1348 902 1405 plerumque
921 1347 1043 1385 exitus
1063 1345 1272 1396 splendoris
1294 1346 1393 1384 illius
1408 1345 1575 1391 ascititii,

57 1409 171 1445 quern
203 1395 352 1443 tyranni
386 1406 452 1433 ruo
478 1398 625 1434 nomini
656 1397 804 1447 publice
833 1399 1017 1439 induunt.
1059 1409 1144 1434 cum
1172 1396 1291 1443 paffim
1322 1397 1453 1433 statuas
1476 1396 1573 1438 fuas.

57 1457 234 1494 tanquam
255 1447 411 1482 deorum
431 1445 617 1485 fimulacra
631 1474 641 1491 ‚
670 1447 907 1496 prostituunt.
954 1446 1224 1492 Nimirum,st
1235 1446 1400 1482 iudicium
1419 1446 1576 1495 postero-

56 1509 135 1532 rum
157 1496 195 1531 in
215 1495 329 1531 odium
347 1497 486 1532 vertit:
517 1507 584 1546 pro
607 1496 780 1546 sepulcris
798 1496 1023 1546 spernuntur
1043 1497 1128 1532 Tac.
1153 1498 1230 1540 4A.
1254 1504 1311 1541 38,
1335 1506 1366 1542 3.
1377 1493 1576 1544 strageque

55 1555 93 1582 et
113 1546 222 1581 ruina
267 1546 376 1581 ablico
388 1546 522 1594 gaudio
543 1547 653 1583 litare
664 1545 779 1594 solent
790 1546 984 1583 Plin.Pan.
1000 1556 1057 1590 52,
1072 1546 1141 1592 (4.)
1159 1544 1205 1582 de
1217 1544 1428 1582 Domitiani
1442 1557 1574 1582 exem-

58 1595 138 1642 plo.
189 1596 221 1630 A
251 1594 287 1630 d.
307 1595 409 1631 Suet.
430 1596 541 1632 Dom.
562 1608 622 1642 23.
644 1597 758 1643 Xiph.
782 1596 924 1632 Neron.
951 1597 1062 1632 Boecl.

153 1643 225 1679 Res
242 1644 314 1679 Ms.
337 1642 473 1680 iterum
491 1644 647 1681 debetur
665 1645 820 1692 ingenio
840 1644 1072 1685 Gloffatoris,
1098 1655 1176 1679 non
1197 1642 1357 1681 fetentis
1378 1641 1574 1682 transitum

58 1704 80 1728 a
100 1703 154 1738 pr.
179 1689 273 1738 plur.
292 1687 418 1734 εἰκέναις
439 1693 483 1729 ad
503 1693 590 1742 fing.
611 1692 671 1730 hic
691 1695 803 1740 ἄνδρα
831 1705 900 1729 nec
919 1691 1179 1741 intelligentis,
1206 1692 1383 1729 Nostrum
1401 1693 1480 1739 post
1490 1692 1576 1729 sen-

58 1741 239 1781 tentiam,
267 1743 380 1786 ἐβουλ.
403 1759 442 1768 -
459 1745 627 1781 ἀπειλεῖν,
661 1754 682 1777 e
700 1753 838 1790 genere
859 1747 1029 1787 »cnud-rm
1048 1741 1115 1777 illo
1144 1753 1199 1787 ap.
1222 1741 1412 1780 rhetores.
1451 1742 1574 1778 redire

60 1789 106 1826 ad
136 1787 342 1836 principem
370 1801 448 1826 rem
479 1790 526 1828 de
553 1790 667 1827 statua
695 1791 757 1827 illa
783 1802 870 1827 ante
896 1791 1056 1832 curiam,
1092 1789 1204 1826 eriam
1232 1790 1440 1838 ignorantis
1463 1790 1573 1833 illud.

61 1839 163 1887 quod
182 1835 260 1875 fieri
280 1837 377 1875 solet
393 1839 434 1874 in
457 1839 591 1877 talibus
612 1838 885 1887 pronunciatis,
909 1850 953 1876 ut
969 1839 1180 1876 universum
1200 1850 1317 1888 genus
1338 1839 1491 1888 aliquod
1504 1852 1571 1876 no·

60 1889 271 1930 minemus,
307 1888 408 1935 quod
429 1887 469 1924 in
491 1892 587 1935 plur.
608 1900 761 1937 quoque
779 1888 892 1929 inest,
919 1899 1130 1937 quanquam
1153 1888 1304 1936 proprie
1325 1900 1437 1926 unam
1457 1889 1573 1925 modo

60 1951 137 1974 rem
158 1937 397 1983 respicientes
412 1936 622 1985 praecipue.
669 1936 926 1985 cogitabimus
945 1949 1089 1974 tantum
1111 1938 1149 1974 in
1169 1937 1229 1973 illa
1249 1938 1283 2022 ἓ.
1310 1951 1363 1985 pr.
1387 1937 1574 1975 sententia

59 1985 185 2026 Nostri
205 1986 385 2033 quandam
408 1985 505 2033 quafi
527 1988 780 2033 parenthesin:
816 1998 856 2023 et
882 1999 938 2024 res
965 1987 1222 2023 difficultatem
1274 1987 1397 2024 abebit
1422 1987 1576 2030 nullam.

61 2035 123 2073 sed
143 2047 273 2071 contra
294 2035 431 2072 librarii
452 2035 632 2073 violentia
655 2036 774 2073 veluti
796 2036 965 2073 manibus
979 2036 1209 2083 deprehendi
1231 2035 1394 2083 poterim
1423 2049 1578 2074 manen-

61 2098 100 2121 te
118 2097 201 2121 curn
223 2085 311 2120 Mss.
333 2084 395 2121 rel.
415 2085 529 2121 etiam
550 2085 589 2121 P.
608 2085 646 2122 in
666 2085 791 2134 vulg.‚
819 2098 860 2121 ac
874 2088 938 2134 Bg.
958 2085 1069 2122 eriam
1088 2085 1152 2121 suo
1175 2086 1215 2123 iu
1236 2098 1352 2127 more.
1379 2097 1460 2122 tum
1477 2096 1578 2132 quo·

62 2134 106 2170 ad
123 2140 181 2179 μὲν
203 2135 230 2170 ὁ.
245 2157 256 2174 ,
283 2145 360 2169 tum
383 2135 509 2181 quoad
531 2132 634 2171 artic.
650 2136 711 2172 τᾶν
729 2149 796 2183 pcr
816 2147 920 2181 pron.
936 2159 947 2175 ‚
983 2135 1085 2181 qued
1110 2136 1217 2182 postr.
1239 2135 1456 2172 monstrarat
1477 2147 1576 2183 quo·

61 2195 136 2231 que
157 2183 196 2220 P.
217 2182 253 2217 in
276 2182 339 2218 suo
357 2195 483 2231 quam,
511 2197 577 2230 pro
598 2184 713 2224 hanc;
744 2184 938 2232 quomodo
958 2184 1035 2230 post
1049 2185 1224 2230 punstum
1245 2183 1284 2221 in
1299 2183 1487 2231 principio
1505 2197 1578 2221 no-

62 2245 130 2268 vae
153 2231 297 2278 periodi
320 2242 358 2267 ct
379 2232 655 2270 enunciationis
675 2245 818 2270 mutare
840 2234 1017 2275 solemus;
1043 2235 1143 2270 unde
1165 2245 1277 2269 nemo
1299 2234 1336 2269 in
1352 2235 1389 2269 P.
1413 2231 1577 2281 reperiet

59 2282 135 2319 Ms.
155 2293 260 2327 pron.
280 2287 418 2325 ταῦτα,
450 2295 533 2318 cum
557 2281 616 2319 ille
636 2295 704 2318 nec
725 2283 880 2320 alterum
901 2289 1015 2321 min-x
1036 2282 1193 2325 referat,
1229 2282 1291 2319 sed
1312 2282 1348 2318 in
1371 2282 1438 2320 suo
1462 2294 1574 2330 pron.

62 2330 177 2368 libere
199 2330 340 2378 egerit.
365 2342 407 2368 ut
426 2330 466 2368 in
486 2330 563 2367 aliis
583 2344 646 2379 per
663 2331 757 2369 hanc
776 2332 810 2381 ξ.
831 2332 990 2373 additis,
1015 2331 1178 2368 desertus
1199 2344 1237 2368 et
1257 2344 1275 2366 a
1295 2333 1380 2368 sch.
1402 2332 1440 2367 in
1461 2335 1576 2372 υκαθ.

62 2379 364 2426 sublarastatua«
391 2392 461 2428 pro
489 2392 566 2428 quo
593 2380 671 2429 syn.
693 2383 765 2419 abl.
797 2381 956 2418 severior
977 2383 1041 2430 Bg.
1063 2395 1129 2429 per
1148 2382 1342 2428 deponens
1362 2382 1466 2418 suum
1488 2381 1576 2418 affe-

62 2439 172 2465 cutus
192 2427 241 2464 est
257 2430 483 2475 tempusGr.
497 2430 760 2477 praeteritum,
787 2444 846 2479 ap.
867 2432 914 2468 G.
934 2431 1008 2466 Th.
1036 2430 1230 2471 „dir-uere,
1257 2429 1430 2472 deiicere,
1447 2429 1576 2480 —sta·

61 2488 146 2516 tuas
166 2477 277 2514 Cio«
305 2478 339 2513 h.
357 2479 383 2514 l.
404 2478 552 2516 senatus
572 2479 666 2516 iuffir
684 2479 818 2523 deiici,
853 2484 911 2525 (ut
929 2492 1014 2516 mox
1035 2479 1171 2524 statui)
1201 2479 1305 2516 humi
1333 2481 1576 2528 prosternere.

59 2526 259 2576 frangere,
284 2525 324 2563 in
350 2539 470 2575 partes
489 2529 764 2571 comminuere,
791 2528 837 2566 cf.
850 2528 946 2565 Plin.
970 2530 991 2566 1.
1006 2529 1027 2564 l.
1047 2529 1157 2577 (quae
1168 2531 1228 2565 Bc.
1245 2540 1391 2576 poterat
1409 2529 1576 2576 addere.)

59 2577 213 2613 iuvabat
232 2576 378 2614 illidere
393 2578 467 2627 solo
489 2577 756 2626 superbiffimos
775 2580 920 2620 vultus,
956 2576 1088 2614 instare
1097 2578 1225 2626 ferro,
1249 2577 1383 2615 saevire
1392 2578 1576 2628 sea-uibus

61 2625 155 2666 rel.=
184 2637 224 2663 et
242 2625 288 2662 de
309 2627 374 2663 Gr.
399 2640 432 2661 v.
452 2625 531 2662 lnd.
554 2628 647 2664 Xen.
667 2629 750 2675 Cyr.
776 2630 818 2666 Z.
846 2630 957 2665 Dem.
977 2627 1062 2664 Hes.
1089 2639 1122 2669 α,
1141 2637 1267 2673 103.e.
1294 2639 1373 2666 100.
1393 2641 1440 2664 in.
1470 2626 1575 2665 Suid.

64 2687 101 2716 2,
116 2686 196 2711 220.
218 2687 250 2711 e.
279 2677 359 2723 Srp.
377 2676 450 2712 Th.
469 2676 641 2718 aliunde,
669 2690 738 2713 nec
755 2690 838 2714 cum
858 2679 938 2715 Lat.
961 2678 1045 2726 Eg„
1082 2676 1143 2714 sed
1165 2689 1229 2724 per
1251 2675 1364 2714 fimile
1385 2687 1508 2715 tamen
1528 2689 1576 2715 ex

63 2724 222 2774 Antiph.
240 2721 318 2763 fine
336 2725 418 2764 lnd.
441 2726 503 2764 Rs.
534 2727 627 2770 „niv
649 2724 758 2767 εἷκίνα
783 2729 888 2766 αὐτοῦ
903 2730 938 2773 ἒξ
966 2722 1176 2775 &neon-iiam:
1200 2724 1427 2770 meminive.
1461 2738 1575 2776 quum
