1772 3158
72 143 242 190 L1BER
264 143 298 186 1.
331 141 455 210 eAB.
477 141 593 186 xm.
636 142 688 184 A.
712 141 766 195 v.
791 141 839 186 c.
871 150 991 196 942.
1025 140 1162 184 CHR.
1187 141 1250 184 N.
1283 144 1397 194 189·
1443 150 1541 195 533

36 279 139 319 ,,υος,
173 255 268 306 ὅσον
283 249 453 305 οὐδέπω
484 251 770 319 ἁπολλθύμε·
804 265 898 317 tem,
918 253 1102 325 sanguis
1124 263 1232 315 tuus,
1262 256 1432 306 iamiam
1443 273 1547 324 per⁴

35 419 102 455 per
122 407 159 444 se
179 405 419 449 accusativum
434 428 446 445 ,
479 401 736 446 subintelleRa
758 415 808 450 pr.
831 409 943 445 κατὰ,
979 402 1086 450 capio
1108 415 1174 449 pro
1204 401 1285 440 adv.
1314 415 1400 440 cum
1417 402 1544 445 Suida.

37 456 99 493 sed
121 469 186 503 per
204 456 328 491 Schol.
347 454 567 494 notionem,
595 463 654 493 et,
690 451 837 488 assumta
857 466 907 499 px.
930 458 960 489 ἐν
983 452 1004 488 s.
1025 458 1079 497 ἐπὶ
1103 454 1146 496 ad
1176 451 1248 488 dat.
1269 455 1400 498 σιωπῇ,
1436 466 1544 488 verto

36 505 228 553 infilentio
247 504 397 540 fuerunt
407 504 558 551 stamme,
594 502 636 537 ad
657 502 834 538 summum
849 527 858 542 ,
885 502 1025 538 summo
1050 501 1183 542 modo,
1210 500 1230 536 s.
1245 501 1366 548 plane,
1392 500 1430 546 (fi
1445 514 1547 536 com-

36 567 140 604 pares
162 553 240 602 syn.
260 557 390 596 &afta-4,
426 551 474 588 cf.
495 552 534 587 L.
553 552 601 594 N.
614 552 658 586 T.
677 552 766 592 Krb.
789 563 828 587 et
848 551 898 586 Fi.
920 564 1005 588 curn
1025 553 1063 588 L.
1085 550 1160 587 Bos.
1187 550 1251 587 En.
1274 563 1308 596 p.
1324 555 1421 595 514.)
1441 549 1546 598 quod

35 603 117 639 adv.
142 601 277 638 deinde
305 600 435 637 mutari
468 600 585 647 potest
613 600 650 636 in
680 599 776 640 adi..
811 611 854 635 ut
880 599 965 641 fiat,
991 599 1120 648 fitmmo
1149 599 1190 635 in
1209 600 1351 646 silentio
1367 598 1546 645 fuerunt,

35 663 132 701 quae
152 649 237 687 sunt
256 649 314 686 illa
333 649 405 696 ipsa
418 650 540 685 Schol.
553 675 564 691 ,
591 649 825 684 monstrantis
838 649 946 684 etiam
969 661 1023 697 pr.
1044 655 1119 690 ἐπὶ,
1146 648 1225 697 syn.
1244 648 1386 685 nostrae
1403 652 1448 690 ἐν,
1473 660 1544 694 pro

34 695 168 748 quibus
187 697 372 747 denique,
400 698 553 734 liberius
571 698 738 734 adhibito
760 698 863 746 privo
885 711 943 739 v.‚
971 700 1163 739 habemus,
1186 696 1329 747 prorsus
1351 697 1547 733 conticue-

34 750 96 790 r‘e,
119 748 270 792 filus-'rm
304 759 399 795 quae
419 746 544 783 omnia
565 745 787 786 firmaverim
808 760 873 795 per
892 747 971 795 syn.
994 747 1191 784 formulam
1210 759 1266 793 ap.
1287 748 1370 784 Eur.
1391 748 1470 782 l-lec
1509 757 1546 782 v.

35 808 118 844 532.
140 797 204 834 ubi
224 797 337 845 vulgo
357 795 482 833 editur
500 801 584 841 σῖγα
607 798 673 838 orie
692 795 756 835 ἔτω
776 796 880 839 Λευὶς,
910 809 994 835 cum
1015 797 1146 834 debeat
1168 797 1264 844 legi,
1291 797 1401 832 etiam
1422 809 1443 831 e
1459 797 1545 842 lege

31 847 181 888 Schol.‚
210 849 315 889 «175,
350 845 374 882 i.
395 849 496 893 σιγῇ,
523 858 589 892 pro
612 851 643 882 ἐν
665 848 767 891 σιγῇ,
801 847 992 892 infilentio
1015 847 1124 881 omnis
1142 845 1215 881 esto
1236 847 1379 894 populus
1398 844 1421 880 s.
1439 856 1545 880 exer-

32 897 147 937 citus,
184 895 289 944 quod
319 894 343 930 i.
362 907 399 942 q.
432 908 485 942 pr.
508 907 547 930 et
566 894 617 941 sq.
647 892 795 941 privum
823 908 857 930 v.
876 895 985 941 fileat
1014 895 1040 931 s.
1063 896 1166 942 fileto
1197 895 1320 931 omnis
1346 894 1544 930 exercitus.

32 946 176 982 Verum
196 958 217 981 e
237 944 314 982 Lat.
344 956 424 980 non
451 955 531 979 utar
553 944 618 980 illo
639 957 781 980 manere
800 942 991 992 promiffir,
1030 957 1095 990 pro
1117 943 1157 980 in
1184 942 1385 989 promissis,
1420 941 1468 980 cf.
1490 942 1543 978 G.

33 995 110 1031 Th.
135 1006 219 1035 200,
241 1001 297 1037 85.
319 992 423 1042 sqq.,
454 992 517 1030 ubi
537 991 693 1039 explicat
717 993 836 1034 „stare
862 994 1070 1041 promiffis<‘
1095 993 1198 1040 quod
1218 1005 1257 1030 et
1281 992 1400 1039 ipsum
1420 991 1546 1029 suffra·

34 1055 143 1092 getur
161 1042 286 1079 nostro
307 1054 362 1084 v.‚
393 1053 477 1078 cum
498 1053 651 1090 quoque
669 1041 711 1078 lit
732 1054 799 1089 pro
818 1042 904 1078 stare
924 1043 965 1079 in
984 1041 1186 1088 promiffis,
1214 1053 1426 1089 quanquam
1447 1038 1544 1076 nihil

34 1094 78 1130 jn
105 1093 201 1129 hanc
227 1103 371 1138 partem
398 1103 610 1138 exponente
629 1092 695 1127 Gs.
724 1092 763 1126 in
785 1091 858 1128 hoc
880 1103 912 1126 v.
933 1090 1089 1138 Seligam
1118 1090 1243 1137 potius
1266 1090 1354 1125 haec
1380 1100 1543 1130 tantum,

39 1146 76 1185 ι)
95 1142 172 1187 syn.
201 1153 235 1175 v.
255 1140 335 1188 effi,
371 1151 448 1187 quo
481 1139 528 1175 de
556 1138 606 1174 ib.
633 1142 718 1185 643,
739 1151 773 1183 9.
795 1139 873 1187 sqq.
912 1140 1097 1187 „ponitur
1126 1138 1228 1185 saepe
1261 1151 1343 1175 cum
1373 1139 1441 1175 abl.
1468 1137 1546 1174 fine

34 1203 160 1239 praep.
181 1209 220 1217 —
240 1188 312 1224 esse
326 1190 462 1230 dolore,
488 1188 625 1234 gloria,
657 1189 833 1236 periculo,
861 1198 932 1224 ete.
963 1202 999 1224 v.
1022 1190 1140 1225 Gron.
1158 1187 1201 1223 ad
1224 1187 1301 1228 Liv.
1328 1200 1361 1229 2,
1381 1200 1438 1223 22.
1461 1191 1546 1234 pn«.

36 1240 97 1277 ubi
118 1237 285 1275 laudatur
303 1236 383 1273 Cic.
406 1249 463 1281 ep.
483 1237 570 1273 fam.
585 1251 619 1277 4,
642 1248 718 1281 15„
746 1235 809 1273 ubi
829 1249 906 1273 non
924 1237 974 1274 est
995 1237 1039 1273 V.
1060 1238 1099 1278 L.
1120 1249 1173 1284 ap.
1192 1237 1278 1274 Ern.
1298 1236 1386 1282 V.3.
1408 1249 1443 1283 p.
1461 1244 1544 1280 103.

35 1302 68 1325 e.
90 1298 129 1324 et
149 1289 254 1322 Cort.
275 1298 311 1333 p.
324 1297 403 1329 199·
424 1286 473 1321 N.
488 1296 520 1330 3.
539 1285 673 1322 diserte
701 1285 829 1335 „deest
847 1287 930 1323 in«.
943 1286 984 1322 it.
1008 1298 1089 1331 271.
1114 1287 1162 1323 N.
1180 1298 1232 1322 11.
1255 1295 1337 1332 339.
1351 1286 1399 1322 N.
1413 1298 1444 1321 2.
1463 1285 1546 1323 lnd.

35 1334 466 1383 corn.N.v.pericul.et
476 1334 612 1370 Lindn.
628 1348 662 1382 p.
679 1346 762 1379 ²07·
772 1348 804 1371 e.
817 1334 868 1383 sq.
896 1336 934 1380 2)
953 1335 1073 1382 ipsum
1085 1335 1145 1372 hic
1157 1336 1218 1384 ng.
1231 1349 1269 1377 V·
1293 1338 1395 1381 Lan,
1421 1334 1485 1370 ubi
1498 1334 1547 1371 G.

34 1386 108 1423 Th.
126 1397 209 1421 cum
233 1385 300 1420 Gr.
320 1395 359 1420 n.
384 1395 487 1430 1192,
502 1388 559 1427 76.
589 1386 656 1424 „in
687 1384 813 1433 ali-quo
842 1397 983 1421 munere
1013 1385 1173 1433 aliquem
1202 1385 1430 1436 constituere,
1448 1403 1485 1412 -
1509 1393 1548 1420 et

36 1433 160 1472 omissa
180 1445 304 1480 praep.
326 1433 406 1469 Cic.
427 1445 486 1479 ep.
511 1433 595 1469 fam.
615 1433 673 1477 15,
692 1448 725 1478 4.
746 1436 903 1470 maxima
921 1434 1018 1482 apud
1038 1447 1154 1482 regem
1170 1434 1389 1476 auffl>ritate
1407 1453 1446 1463 -
1467 1445 1549 1468 con-

24 1484 165 1540 stitui“
190 1484 254 1530 qui
276 1482 384 1519 locus
405 1495 470 1530 per
488 1482 572 1519 cdd.
595 1484 750 1520 habetur
770 1482 845 1520 fine
866 1485 914 1521 V.
924 1485 961 1520 L.
976 1495 1014 1520 et
1032 1484 1104 1526 N.;
1134 1482 1180 1519 de
1192 1494 1263 1520 utr.
1276 1494 1422 1519 tacente
1435 1481 1551 1520 etiarn

34 1534 93 1571 Cl.
112 1532 189 1568 Cic.
238 1533 308 1568 Per
334 1543 448 1581 quam
479 1532 687 1581 analogiam
713 1532 922 1579 duplicem,
959 1535 1025 1572 Gr.
1044 1545 1085 1568 ac
1104 1533 1204 1574 Lat.,
1238 1532 1407 1580 procedit
1425 1544 1459 1567 v.
1482 1543 1552 1566 no-

36 1585 147 1621 strum
167 1582 232 1617 Gr.
254 1580 365 1616 etiam
385 1581 460 1618 fine
474 1593 528 1626 pr.
549 1586 601 1622 ἐν,
629 1594 699 1617 nec
717 1581 807 1619 dum
818 1581 974 1629 repudio
996 1582 1196 1619 leftionem
1216 1582 1315 1628 vulg.
1329 1606 1341 1623 ,
1364 1593 1445 1616 cum
1461 1581 1552 1616 Mss.

35 1643 193 1681 quoque
216 1640 393 1667 tueantur
412 1630 546 1677 tacite,
571 1643 782 1679 quanquam
795 1633 831 1668 Ρ.
845 1630 1021 1678 exprimit
1033 1644 1176 1678 praep.‚
1206 1643 1244 1668 et
1254 1632 1342 1666 hinc
1362 1630 1460 1666 forte
1473 1631 1535 1681 Eg.

36 1682 98 1718 sed
120 1678 271 1716 diverfis
292 1679 408 1722 locis,
434 1679 498 1714 ille
516 1679 668 1726 quidem
688 1680 806 1725 (unde
826 1681 963 1716 iterum
975 1680 1242 1727 hauseritStp.)
1261 1690 1346 1716 ante
1359 1684 1436 1723 ἐσχ-
1451 1703 1461 1719 ,
1486 1680 1520 1714 ie

36 1730 102 1766 hic
119 1739 206 1764 ante
226 1730 305 1765 κινδ.
318 1753 329 1768 ,
354 1739 450 1775 quae
472 1727 574 1765 sedes
594 1740 749 1775 utraque
766 1741 809 1766 ut
829 1728 878 1765 est
895 1729 1114 1769 commoda,
1143 1729 1222 1774 (sed
1241 1740 1402 1766 extrema
1422 1727 1554 1774 exqui-

36 1778 162 1820 fitior,
193 1777 280 1813 dum
302 1789 424 1824 praep.
447 1777 586 1813 locatur
605 1777 701 1812 infra
724 1777 794 1812 adi.
815 1789 853 1814 ct
874 1777 977 1814 subst.
994 1803 1003 1819 ,
1041 1779 1156 1814 immo
1175 1790 1213 1814 et
1233 1777 1382 1815 dignior
1402 1787 1555 1813 oratore

37 1842 57 1865 a
78 1838 235 1867 nurnero
255 1825 434 1867 oratorio,
464 1826 583 1861 multo
607 1826 672 1861 illo
694 1827 863 1874 graviori,
890 1830 1078 1869 κκῧέςηκκς
1099 1833 1130 1864 ἐν
1147 1819 1308 1873 κινδόνῳῑ)
1335 1824 1381 1861 sic
1394 1827 1475 1862 sane
1487 1837 1555 1873 pe-

36 1874 193 1914 riculosa
213 1887 279 1922 per
299 1874 335 1911 se
352 1874 396 1909 ad
416 1874 639 1913 elabendum
661 1878 710 1910 ob
732 1877 791 1912 vel
813 1875 864 1923 sq.
887 1876 1059 1924 syllabam
1079 1891 1137 1918 εσ,
1164 1876 1403 1924 vclpraeced.
1423 1891 1478 1917 ac,
1499 1884 1555 1910 at-
1606 1902 1607 1905 η

38 1938 114 1976 que
140 1935 339 1972 propterea
352 1922 463 1960 etiam
483 1923 615 1960 critico
634 1923 680 1958 ad
701 1923 942 1974 deligendum
963 1923 1162 1965 difficilior,
1192 1937 1228 1961 et
1246 1924 1430 1961 eiusmodi
1444 1924 1555 1965 adeo,

39 1987 84 2012 ut
105 1987 182 2010 rem
204 1971 376 2009 intastam
392 1973 602 2020 relinquat,
638 1985 709 2010 nec
731 1972 887 2022 ingenio
910 1974 1097 2023 indulgeat
1115 1986 1314 2022 quaeratve
1328 2001 1338 2016 ‚
1371 1973 1464 2021 quid
1484 1972 1560 2009 effe

39 2021 210 2072 potuerit
229 2032 292 2058 aut
318 2020 422 2058 scribi
444 2023 488 2058 ab
508 2021 655 2068 aliquo,
689 2021 935 2060 sed=inventis
957 2023 1122 2063 fruatur,
1158 2023 1353 2060 leftionem
1379 2023 1561 2059 adiuvans

40 2074 140 2114 bona
159 2069 253 2113 fide,
281 2071 404 2118 potius
423 2071 732 2116 interpretando,
769 2085 878 2121 quam
896 2072 1131 2120 corrigendo.
1183 2073 1378 2109 Caeterum
1399 2071 1445 2108 de
1473 2083 1557 2108 tro-

37 2120 128 2168 pico
149 2119 217 2167 adi.
244 2122 322 2156 Lat.
350 2130 388 2156 et
405 2121 470 2156 Gr.
491 2119 540 2156 cf.
561 2120 667 2162 alibi,
701 2124 801 2168 quod
824 2133 907 2158 curn
928 2121 1030 2158 subst.
1049 2124 1126 2158 κινδ.
1151 2133 1230 2157 non
1251 2131 1358 2159 tenet
1377 2125 1455 2167 δερ.
1475 2122 1556 2158 Th.

39 2183 112 2219 nec
127 2171 238 2207 Dem.
259 2169 361 2207 lnd.‚
396 2181 454 2214 ap.
484 2182 596 2216 quem
626 2182 749 2207 tamen
778 2170 885 2218 saepe
904 2169 971 2212 fic,
1008 2180 1090 2214 287,
1110 2183 1165 2215 27-
1199 2182 1278 2211 100,
1301 2183 1358 2214 25.
1392 2180 1472 2216 135,
1494 2181 1558 2206 21.

37 2230 126 2263 205,
153 2230 205 2264 ¹5.
238 2230 318 2263 150,
337 2231 415 2264 24.‚
444 2231 511 2266 pro
528 2230 603 2266 quo
625 2232 661 2265 p.
684 2218 736 2267 sq.
758 2221 782 2256 1.
798 2233 830 2256 2.
849 2228 913 2257 τῶν
934 2225 1078 2265 μεγίςων
1098 2218 1265 2261 κινδύνων,
1298 2232 1411 2267 quem
1431 2221 1558 2256 locum

40 2268 211 2306 imitatur
231 2268 323 2305 Luc.
343 2280 377 2310 2,
396 2275 480 2310 88¹,
503 2278 578 2313 13.‚
613 2269 674 2304 ubi
692 2268 743 2305 cf.
757 2275 840 2310 608,
861 2271 883 2305 l.
900 2274 955 2315 35.
1005 2269 1139 2315 Qoad
1171 2281 1261 2305 vero
1285 2268 1560 2305 distinfflonem

42 2317 125 2369 post
147 2319 223 2354 κινδ.
237 2341 248 2358 ,
278 2316 454 2363 punstum
475 2317 626 2364 quidem
647 2319 685 2354 in
703 2325 759 2362 μὲν
782 2330 819 2356 et
841 2323 875 2356 32
897 2318 1019 2354 relatis
1038 2318 1193 2355 ferimus
1218 2318 1258 2354 in
1287 2318 1445 2366 periodo
1474 2318 1560 2354 lon-

43 2365 162 2416 giori,
197 2377 240 2404 ut
267 2365 328 2401 hic
358 2365 399 2402 in
427 2366 602 2403 membris
627 2367 797 2404 brevibus
818 2366 950 2404 sufficit
970 2367 1108 2409 colon,
1137 2379 1204 2416 pro
1225 2378 1300 2415 quo
1322 2378 1473 2409 tamen,
1508 2368 1560 2404 ob

42 2415 200 2452 eandem
231 2414 410 2463 utrinque
436 2414 745 2454 constructionem
778 2418 815 2452 in
844 2415 1110 2458 nominativis,
1145 2417 1278 2455 melius
1307 2417 1398 2454 olim
1427 2415 1560 2455 fastui-i

42 2465 168 2502 fumus
188 2475 356 2506 comma,
384 2464 487 2512 quod
506 2466 675 2502 omnium
696 2466 778 2503 edd.
801 2465 880 2511 post
897 2471 972 2509 ἆγν.
997 2466 1070 2501 iam
1089 2463 1311 2503 sustulimus.

92 2512 204 2559 ἦμεῖς)
230 2514 312 2550 Sch.
343 2513 383 2549 in
411 2528 514 2558 „vem
544 2515 744 2564 cognatio,
779 2514 1114 2563 consanguinitas«
1140 2515 1202 2552 scd
1224 2516 1289 2563 Bg.
1309 2529 1330 2552 e
1349 2516 1415 2558 R,
1451 2527 1496 2553 ut
1520 2525 1561 2552 et

44 2562 136 2599 hinc
155 2566 235 2610 Sep.
256 2563 332 2599 Th.
355 2574 389 2602 1.
411 2571 491 2609 833.
513 2564 550 2599 Β.
565 2563 612 2605 i..
649 2564 791 2601 nullam
820 2564 996 2601 notionis
1023 2563 1169 2601 classem
1188 2563 1378 2608 indicans,
1413 2565 1475 2603 sed
1504 2566 1567 2600 ha-

45 2612 140 2649 bens
160 2623 287 2648 tamen
307 2612 390 2657 Sch.
413 2611 537 2654 illam,
567 2612 630 2650 ubi
651 2612 861 2661 abstrastum
880 2613 929 2650 est
949 2625 1022 2660 pro,
1038 2625 1241 2654 concreto,
1268 2626 1345 2663 quo
1366 2613 1569 2662 respiciens

48 2660 174 2698 reddit
206 2664 266 2698 Sb.
294 2661 375 2697 lnd.
406 2660 699 2710 „consanguinei
727 2663 815 2705 tui«
843 2662 891 2700 cf.
920 2664 1002 2699 lnd.
1025 2663 1139 2700 Dion.
1164 2663 1240 2700 Cas.
1262 2675 1302 2702 et
1329 2665 1459 2707 Deru„
1502 2661 1565 2700 ubi

51 2711 233 2759 „cognati
252 2710 515 2747 collaterales«
540 2711 603 2749 sed
620 2711 708 2749 alibi
727 2722 854 2750 tamen
875 2712 986 2748 etiam
1004 2712 1049 2748 de
1063 2713 1160 2749 linea
1183 2713 1241 2749 illa
1254 2712 1502 2751 descendente
1518 2714 1566 2749 ib.

56 2759 225 2801 121,ult.
259 2771 340 2804 122,
359 2772 414 2797 ιο.
441 2763 525 2804 268,
547 2773 624 2808 ¹4··
658 2762 724 2800 ubi
740 2765 787 2809 τῷ
807 2765 854 2809 σῷ·
871 2768 982 2807 γένει,
1015 2762 1142 2802 Schol.
1162 2768 1187 2801 ά
1203 2763 1247 2800 ad
1267 2762 1396 2800 Ael'ch.
1424 2763 1517 2811 sept.
1537 2774 1568 2798 c.
