1798 3163
582 135 810 182 L1BER1.
848 102 973 184 CA'P.
997 135 1034 182 1.
1111 143 1125 147 ⁷<
1552 152 1576 196 3

61 253 232 322 μνῆμην
268 249 628 303 ἀνανεώσασθαι
664 271 805 319 0·qu-
841 256 946 303 olim
961 254 1196 318 gestorum,
1234 257 1497 310 memoriam
1508 278 1580 310 re·

65 325 315 390 ὃασοὶντων,
353 321 566 380 παιδείας
588 326 716 381 κλέος
731 329 796 378 αἴ·-
831 349 998 381 novare
1011 333 1227 392 studuere,
1250 338 1357 384 dum
1371 340 1578 387 eruditio-

63 457 300 498 βουλομένοις,
335 462 430 497 quae
452 449 536 487 sunt
554 449 679 487 Nostri
704 462 804 488 extra
826 462 1002 498 tropum,
1035 462 1080 488 ut
1104 465 1191 489 mox
1216 453 1387 503 sequitur
1416 455 1479 492 hic
1495 456 1579 505 syn.

63 505 276 547 σπουδάζειν.
297 502 382 535 Sch.
407 505 520 544 „ka-x.
546 507 792 546 occupatorum
822 500 982 537 historiis
997 499 1235 547 scribendis.“
1515 533 1518 537 .

112 552 214 596 ἐνίων)
234 549 456 598 Theupolus
476 562 512 595 p.
528 557 607 592 187.
631 548 782 585 testatur
799 549 839 586 in
860 549 954 586 Cod.
967 551 1038 586 Ms-
1063 550 1151 586 bibl.
1170 553 1217 587 D.
1238 552 1352 589 Marci
1373 552 1578 602 legie'qwau.

62 603 170 647 Qae
203 599 316 634 lestio
341 611 421 635 non
452 598 637 645 displicet.
673 597 831 635 Herodi.
855 598 898 636 in
920 599 987 635 hac
1015 599 1090 646 ipsa
1119 600 1235 648 praef.
1256 602 1289 649 §.
1305 616 1341 646 4.
1364 607 1429 650 χε.)
1452 601 1579 650 ἔργων.

61 654 243 694 γενομένων
261 657 300 684 et
319 660 355 691 7.
374 660 408 689 7,
429 656 461 688 8.
490 643 578 693 ἔργα
599 654 748 691 πολέμου
767 653 907 691 ἐγίνετο.
958 651 997 686 Si
1015 653 1103 687 ἐνίων
1121 662 1205 687 vera
1225 653 1275 686 est
1293 651 1426 688 leffio:
1454 653 1579 701 loqui.

60 711 124 736 tut
151 697 197 733 de
220 695 421 738 historicis,
450 696 515 744 qui
534 709 612 732 non
634 699 762 733 omnia
782 710 942 739 narrare,
967 697 1038 734 effe
1055 699 1161 736 suum
1181 701 1339 744 ducunt,
1365 699 1428 736 sed
1440 716 1482 738 ea
1495 704 1578 738 tan-

56 758 156 788 tum,
186 758 281 794 quae
303 745 390 782 sunt
407 745 564 782 alicuius
576 745 776 787 momenti,
800 747 849 784 cf.
861 748 946 783 Luc.
966 748 1014 782 T.
1029 760 1061 784 2.
1083 757 1166 796 με.
1186 749 1279 793 1.25.
1301 749 1343 786 it.
1361 763 1395 796 p.
1410 752 1503 798 35.l.
1515 765 1575 797 44.

58 797 177 834 Leisn.
228 796 332 831 Num
349 791 485 841 ἔργων.)
513 793 628 831 Reisk.
681 797 724 832 ln
741 795 825 833 edd.
855 796 950 832 male
979 796 1119 844 legitur
1138 802 1238 835 ἐνίων.
1288 799 1387 836 Nam
1408 799 1434 835 fi
1452 802 1578 837 Hero-

59 846 192 883 dianus
214 843 338 881 dicere
358 843 546 885 voluisset,
573 845 820 880 nonnullarum
838 858 958 881 rerum
977 847 1180 883 memoriam
1193 860 1370 883 renovare
1382 863 1393 882 :
1420 848 1578 896 scripfis-

57 896 114 934 set
134 894 219 930 sane
236 901 345 934 τινῶν.
375 892 482 941 quod
499 893 615 942 magis
634 904 764 939 aptum
781 892 918 930 fuiffet.
967 895 1087 929 Immo
1114 895 1202 931 alias
1226 899 1336 942 plane
1352 909 1433 933 non
1453 898 1577 938 utitur

58 956 151 980 voce
167 940 258 980 ἔνιοι.
299 943 432 986 'Quare
458 941 536 978 fine
571 943 673 978 omni
701 942 817 978 dubio
839 941 990 978 Codicis
1011 944 1108 979 Ven.
1132 944 1243 979 leffio
1269 944 1375 991 ἔργων
1396 958 1464 992 pro
1491 960 1577 984 vera

57 992 256 1030 iudicanda
275 1002 388 1038 atque
409 991 450 1027 in
474 1000 616 1027 textum
639 989 849 1036 recipienda
871 990 932 1026 est.
985 995 1035 1027 lta
1058 1000 1215 1039 quoque
1230 994 1311 1029 l’ol.
1330 995 1453 1042 legiffe
1473 997 1579 1034 vide-

62 1053 132 1079 tur.
178 1040 348 1082 Accedit,
376 1041 478 1086 quod
499 1038 577 1085 ipse
599 1039 751 1075 Herodi.
772 1041 883 1086 paulo
901 1039 1062 1077 inferius
1083 1040 1188 1082 dicit,
1213 1041 1248 1078 se
1271 1043 1575 1091 lcriptiffeis-oqlav

58 1096 215 1136 μεγάλων
235 1087 432 1135 germiro*
451 1090 553 1136 νεαςᾷ
569 1085 680 1135 μνήμῃ
702 1084 911 1134 γεγονᾶτων,
938 1091 1040 1138 quod
1057 1090 1103 1126 ad
1124 1090 1216 1127 haec
1234 1093 1345 1129 verba
1361 1092 1491 1130 referri
1519 1095 1579 1131 vi·

56 1140 175 1176 detur.
204 1139 342 1174 Stroth.
376 1149 383 1152 ·

157 1189 208 1224 Ut
229 1199 248 1222 a
269 1186 451 1234 postremo
470 1186 671 1235 incipiam,
708 1200 785 1238 quo
812 1199 852 1226 et
883 1187 972 1226 usus
1000 1187 1049 1224 est
1069 1190 1216 1233 Leisn.,
1253 1190 1316 1228 sed
1343 1191 1408 1229 ille
1426 1191 1576 1229 set-vane

54 1243 258 1282 γενομένων,
284 1248 353 1272 nec
371 1236 458 1272 istos
477 1249 561 1285 gen,
581 1237 759 1284 copulans
778 1249 863 1275 cum
887 1245 970 1284 ἱςος.
993 1239 1195 1285 superiori,
1222 1252 1301 1287 quo
1322 1243 1368 1277 de
1389 1240 1464 1279 ibi:
1499 1242 1576 1278 hoe

53 1297 339 1334 argumentum.
366 1299 384 1321 a
407 1286 602 1332 parallelo,
629 1286 694 1333 qui
713 1287 909 1328 videatur,
936 1287 1221 1332 locodustum,
1250 1303 1310 1325 me
1329 1303 1408 1326 non
1427 1301 1574 1333 movet,

53 1347 140 1371 cum
159 1335 351 1383 elegantes
368 1335 568 1382 scriptores
585 1336 734 1374 soleant
755 1338 964 1373 orationem
985 1349 1226 1376 commutare.
1283 1339 1501 1387 Quaeritur,
1526 1354 1577 1380 an

53 1383 168 1422 {estio
188 1384 288 1432 vulg.
308 1383 354 1424 fit
371 1384 502 1421 vitiosa
521 1385 645 1429 quoad
663 1387 726 1424 vel
746 1386 982 1426 sententiam.
1012 1387 1071 1422 vel
1091 1386 1212 1434 ipsum
1232 1390 1470 1426 vocabulum.
1517 1393 1576 1428 Ac

33 1429 199 1470 ¹sensum
217 1445 295 1469 non
317 1432 748 1474 incommodumLeisn.
767 1435 1045 1472 demonstravit.
1104 1437 1178 1473 Sed
1206 1451 1281 1475 vox
1301 1442 1389 1476 ἐνίων
1408 1439 1577 1486 duplici-

53 1493 112 1519 tet
134 1482 352 1529 reprehensa
373 1484 444 1526 est,
483 1483 632 1531 primo,
668 1487 772 1534 quod
793 1486 921 1532 potius
943 1485 1012 1521 effe
1037 1485 1192 1524 deberet
1208 1496 1327 1528 τινῶν,
1364 1489 1422 1524 cui
1447 1500 1573 1528 tamen

52 1531 179 1570 Nostri
201 1543 273 1567 vox
291 1532 340 1567 est
359 1532 436 1578 syn.
452 1558 463 1577 ,
490 1544 533 1569 ut
553 1534 677 1570 Schol.
697 1536 809 1570 Dem.
830 1539 932 1575 ἐνίους
951 1535 1108 1582 explicat
1127 1547 1194 1583 per
1212 1542 1302 1578 τινὰς
1326 1538 1370 1572 V.
1387 1550 1443 1574 ιο.
1463 1551 1498 1586 p.
1516 1551 1573 1583 19.

53 1581 100 1619 ad
122 1595 180 1628 29·
206 1593 260 1625 17.
284 1592 322 1618 et
344 1583 440 1618 Xeu.
467 1580 533 1619 fibi
560 1582 747 1621 substituit
769 1594 842 1620 utr.
894 1585 1012 1621 Mem.
1030 1585 1066 1621 S.
1092 1597 1123 1627 ι..
1146 1599 1180 1630 4,
1206 1600 1236 1623 1.
1272 1585 1338 1631 (cf.
1357 1587 1461 1624 Suid.
1484 1588 1572 1628 Hes.

52 1643 138 1668 cum
154 1631 205 1667 N.
220 1656 232 1672 ‚
266 1630 551 1679 1nd.Xen.Cyr.
569 1645 607 1669 et
621 1633 734 1669 Diod.
751 1635 789 1670 S.
813 1645 846 1675 1,
870 1646 925 1678 17.
951 1633 1046 1674 l.18.
1067 1646 1102 1680 p.
1118 1635 1169 1683 sq.
1198 1636 1224 1671 l.
1246 1640 1303 1672 62.
1326 1639 1402 1681 74.)
1432 1636 1574 1677 deinde

53 1680 158 1724 quod
175 1692 253 1716 non
276 1681 435 1728 amplius
456 1694 510 1727 ap.
524 1682 699 1718 Nostrum
721 1681 968 1730 reperiretur,
995 1695 1151 1729 propter
1170 1684 1292 1732 qualia
1315 1682 1411 1731 ἅπαξ
1428 1682 1575 1731 λεγόμε-

51 1745 94 1768 να
111 1742 201 1765 vero
225 1742 337 1766 nemo
358 1731 514 1767 tentarit
532 1730 773 1778 scriptorem5
807 1731 899 1768 ficut
918 1731 1105 1770 dubitatio
1128 1746 1146 1768 a
1160 1734 1200 1770 P.
1222 1734 1284 1769 hic
1302 1747 1382 1770 non
1405 1736 1455 1770 est
1467 1735 1574 1775 firma

51 1776 160 1819 satis.
183 1790 266 1814 cum
285 1779 365 1815 eius
384 1778 582 1816 consensus
602 1793 682 1816 non
700 1780 743 1818 fit
761 1779 970 1818 manifestus
989 1781 1028 1817 in
1051 1781 1230 1820 liberiore
1240 1784 1342 1821 Vers.
1396 1785 1495 1822 Tum
1507 1785 1575 1823 etri

51 1831 141 1867 ἐνίων
161 1837 200 1863 et
218 1823 326 1873 ἔργων
353 1828 439 1864 sunt
467 1827 595 1865 fimilia
624 1830 730 1866 valde
757 1843 822 1876 per
846 1830 988 1866 litteras
1009 1830 1252 1872 maiuscuias,
1289 1835 1425 1879 quobus
1448 1836 1574 1873 Codd.

52 1874 135 1912 fere
163 1874 310 1923 scripti,
345 1887 387 1912 ut
416 1876 534 1912 facilis
562 1876 681 1914 fuerit
708 1879 848 1925 lapsus:
891 1891 1017 1916 tamen
1046 1881 1258 1918 nostrorum
1288 1884 1377 1920 Mss.
1401 1882 1492 1920 fides
1521 1884 1574 1920 est

52 1923 236 1971 suspesta‚
264 1935 302 1961 et
323 1925 507 1961 Gloss'ator
530 1925 685 1972 aliquis,
719 1938 831 1974 quem
851 1927 905 1963 isti
925 1929 1046 1964 Codd.
1069 1931 1214 1975 experti
1237 1930 1336 1973 sunt,
1363 1932 1476 1969 velex
1489 1933 1572 1980 ipso

0 1971 1 1983 ³
53 1972 122 2012 illo
137 1973 259 2010 Nostri
281 1974 398 2010 altero
416 1975 515 2011 loco,
540 1978 599 2011 vel
622 1975 732 2020 perse
754 1976 882 2021 potuit
893 1975 937 2011 ad
957 1982 1046 2014 ἐνίων
1064 1979 1235 2025 supplere
1257 1978 1364 2025 ἔργων
1383 1982 1421 2016 in
1444 1994 1573 2032 marg..

52 2022 158 2059 unde
179 2023 217 2059 in
238 2033 380 2060 textum
400 2023 570 2064 veniret,
599 2035 742 2061 remota
759 2025 921 2061 leelione
939 2026 1100 2068 vetusta,
1135 2038 1181 2065 ut
1207 2029 1409 2077 aliquoties
1430 2031 1573 2070 deinde

51 2072 281 2109 habebimus.
332 2074 470 2119 Qare,
496 2085 710 2120 quanquam
731 2074 776 2109 ad
799 2085 918 2120 partes
940 2075 1084 2111 Strothi
1099 2086 1137 2111 ct
1156 2076 1201 2111 ad
1226 2078 1490 2126 corrigendum
1512 2082 1573 2118 in-

51 2120 196 2158 clinant
215 2133 370 2169 quoque
391 2122 678 2167 Ephemeridcs‚
716 2120 783 2159 nili
810 2135 850 2159 et
867 2123 927 2160 alii
951 2124 1071 2159 Codd.
1096 2125 1331 2169 accell'erint,
1367 2129 1470 2176 iique
1497 2131 1573 2167 mi-

51 2183 125 2208 nus
143 2169 306 2216 suspeeti.
334 2171 507 2207 noudum
530 2172 713 2207 moverim
734 2172 933 2209 lectionem
953 2174 1159 2220 antiquam,
1187 2187 1270 2212 cum
1291 2180 1445 2214 eandem
1458 2192 1496 2215 er
1508 2179 1572 2217 alii

53 2220 219 2257 editores
238 2218 448 2261 tolerarim,
477 2231 516 2257 et
535 2220 610 2266 ipse
625 2222 687 2268 Bg.
709 2232 836 2267 aperte
857 2221 1068 2268 express'e1it
1091 2223 1164 2260 fine
1181 2225 1254 2261 ulla
1266 2239 1330 2272 per
1349 2227 1489 2264 Noram
1502 2230 1571 2266 du-

53 2267 266 2309 bitationez
307 2268 399 2306 ficut
420 2270 498 2317 Stp.
528 2271 572 2305 ad
595 2281 707 2318 marg.
731 2273 768 2307 Ρ.
800 2270 839 2306 in
860 2281 894 2306 et
919 2271 1039 2307 rerum
1061 2276 1308 2321 quarundam,
1347 2276 1436 2312 olim
1452 2277 1572 2328 gesta-

54 2329 158 2359 rum,
192 2329 344 2365 quoque
363 2316 472 2364 ἔργων
491 2318 628 2361 refert,
662 2320 723 2356 sed
749 2320 848 2355 haud
869 2321 982 2356 dubie
1009 2323 1124 2358 modo
1143 2323 1190 2359 ad
1211 2323 1377 2367 sensum,
1409 2339 1496 2364 cum
1529 2328 1571 2365 in

54 2367 170 2406 Notis
191 2368 362 2410 tacuerit,
387 2369 509 2405 iu‘sh.
530 2382 563 2403 v.
583 2383 648 2412 γιν.
670 2381 747 2404 non
770 2368 925 2407 afferens
947 2373 1006 2418 ssg.
1027 2373 1130 2414 Lat„
1155 2384 1232 2420 quo
1244 2376 1290 2411 de
1301 2374 1405 2410 cf.ad
1417 2375 1449 2424 §.
1466 2389 1523 2413 10.
1537 2391 1571 2416 e.

105 2413 232 2461 μνήμην
251 2417 318 2460 ἂν.)
344 2418 556 2453 Formulam
577 2430 655 2453 non
674 2418 826 2455 aliunde
845 2418 977 2459 habui.
1009 2431 1051 2456 ut
1069 2421 1149 2467 Stp.
1168 2422 1241 2458 Th.
1261 2436 1294 2465 2,
1320 2435 1380 2470 ¹03
1394 2437 1419 2460 t.
1455 2427 1498 2462 C.
1523 2425 1570 2463 ad

55 2465 167 2502 aliam
188 2467 252 2501 Gr.
275 2466 420 2511 profert
439 2467 552 2502 modo
575 2480 594 2502 e
614 2467 777 2513 Qintil.
798 2469 876 2503 Lat.
902 2470 984 2515 Eg„
1009 2481 1118 2517 quam
1140 2472 1185 2508 G.
1210 2473 1283 2508 Th.
1307 2472 1475 2522 ignorat,
1503 2475 1568 2511 sed

54 2526 101 2552 ut
120 2513 296 2551 nostrates
315 2527 469 2562 quoque
490 2517 683 2563 usurpent,
710 2527 818 2562 quae,
843 2530 956 2562 tropo
975 2531 1138 2561 remote,
1165 2519 1226 2556 hic
1245 2521 1316 2561 est.
1347 2534 1404 2558 res
1422 2535 1570 2561 veteres

54 2564 195 2602 iterum
219 2576 420 2601 memorare
447 2575 486 2602 et
507 2577 648 2601 narrare
676 2565 715 2602 in
739 2565 1033 2614 memoriamque
1060 2570 1238 2607 reducere
1258 2570 1362 2612 aliis,
1400 2573 1464 2617 qui
1496 2573 1569 2610 iam

54 2623 210 2654 tenent,
241 2625 304 2650 aut
324 2615 503 2650 narrando
521 2614 662 2655 facere,
698 2626 740 2651 ut
758 2614 877 2663 ignari
899 2618 1021 2652 adhuc
1040 2619 1188 2656 easdem
1205 2621 1435 2667 cognoscant
1464 2632 1504 2659 et
1527 2621 1569 2659 in

55 2662 275 2699 memoriam
296 2662 500 2709 accipiant,
526 2666 628 2710 quod
649 2675 721 2701 utr.
746 2665 846 2700 forte
864 2664 1058 2712 respicitur
1078 2666 1111 2713 §.
1130 2680 1186 2713 4..
1213 2668 1378 2706 ducente
1395 2672 1459 2715 ΒΕ.
1483 2672 1568 2711 ep..

52 2711 159 2800 ξιξ-τίη
181 2724 217 2749 ν.
235 2727 319 2756 cm,
348 2711 411 2751 ubi
432 2724 583 2763 quoque
601 2714 679 2763 Sep.
701 2713 774 2753 Th.
799 2714 953 2752 aliunde
973 2726 1039 2763 per
1055 2717 1119 2767 ΒΕ.
1138 2718 1241 2762 Lat..
1267 2714 1466 2768 ap.G.Th.
1479 2731 1566 2765 qum

111 2788 121 2797 ι
140 2773 180 2800 n.
