1772 3158
439 98 738 145 EXCVRSVS
773 98 856 142 AD
896 97 1043 142 LIBR.
1071 98 1108 142 I.
1428 99 1530 152 809

0 218 5 225 '
37 222 157 248 tamen
177 222 334 259 utraque
355 209 542 245 interdum
561 208 744 255 implicata
764 206 848 243 fibi:
876 219 954 242 non
976 216 1168 254 repugno,
1193 203 1218 242 fi
1239 203 1321 251 quis
1341 217 1379 242 et
1397 206 1457 243 hic
1469 219 1536 254 per

12 290 15 302 ,
37 262 181 308 copiam
199 260 378 297 existimet
395 262 456 295 illa
476 262 542 296 Gr.
565 258 735 305 copulata
755 256 1021 305 synonymioe,
1057 266 1094 291 at
1121 267 1204 308 cum
1225 255 1293 290 hac
1312 255 1538 298 differentia,

0 324 2 334 r
37 321 218 358 quatenus
238 322 257 345 a
278 308 642 355 diverfisspefflntur
657 307 832 353 partibus,
859 306 1076 350 ετβκσιλιιωᾴ
1089 304 1255 352 qurdem‚
1282 308 1402 351 quoad
1417 305 1539 341 austo-

0 373 2 380 ·
37 372 132 404 rem,
169 371 207 395 et
225 370 298 406 qua
315 357 561 393 conferuntur
579 359 624 392 ab
648 356 894 401 imperatore,
929 353 989 389 sed
1011 358 1185 397 anausim,
1218 355 1341 400 quoad
1365 367 1537 391 naturam

37 418 72 444 et
90 408 218 450 usum,
260 420 344 444 cum
360 407 500 454 publica
526 416 681 453 quoque
703 404 894 443 dicantur.
931 414 1025 450 quae
1054 401 1150 437 fiunt
1176 413 1252 436 non
1281 403 1396 439 nostra
1419 403 1537 446 causa,

0 457 2 475 ³
36 456 93 493 sed
116 470 182 503 pro
203 455 283 492 aliis
305 456 344 491 in
363 453 589 493 universum.
615 466 686 489 nec
706 453 790 489 sunt
806 452 935 493 nostra,
964 451 1023 487 ied
1038 451 1190 487 aliorum
1203 450 1374 491 omnino,
1405 451 1442 487 in
1457 453 1541 499 qui-

35 507 101 542 bus
122 506 213 541 adeo
231 518 292 540 rex
314 516 352 540 et
371 504 572 549 imperator
591 515 723 547 resque
747 502 881 537 horum
899 500 986 537 sunt
1010 513 1148 548 aeque,
1183 511 1223 534 ac
1251 501 1388 536 civium
1412 512 1450 536 et
1475 514 1540 547 po.

0 562 2 568 ’
35 554 133 599 puli3
161 564 306 590 tacente
326 551 493 599 Scp.Th.
514 551 626 588 etiam
646 552 692 589 de
713 550 800 586 fem.
822 550 972 585 istorum
995 549 1086 592 adh,
1113 548 1176 595 (cf.
1198 549 1243 585 de
1262 550 1541 593 323⁴.1nd.Xen.

34 605 76 640 Z.
101 603 176 638 Pol.
214 614 252 638 et
269 602 374 647 Ἀγβ.)
405 612 442 636 et
465 612 613 636 tautum
641 614 661 636 e
682 599 808 646 Synes.
841 599 1059 646 proferente
1080 597 1185 635 subst.
1204 597 1283 638 dnn,
1320 610 1392 646 quo
1413 600 1459 634 de
1486 599 1536 634 cf.

35 653 114 688 lnd.
135 653 244 687 Dem.
258 675 270 690 ‚
306 664 324 686 a
345 651 405 687 Sb.
425 649 504 686 lud.
529 649 618 685 hinc
637 648 816 685 converso
837 647 1054 697 ministeriis,
1080 649 1192 695 quod,
1215 648 1363 684 nostrati
1384 648 1541 694 respon-

33 700 125 736 dens
148 700 307 748 Dienste,
342 698 438 736 redit
455 700 500 735 ad
518 701 581 747 Bg.
601 700 677 735 e‘P.
693 722 704 739 ,
736 697 838 745 quod
858 710 927 745 pro
947 696 1130 745 dignitate
1153 708 1234 732 cum
1257 697 1442 732 lab-oribus
1464 697 1541 733 for-

51 761 72 784 e
93 747 254 795 reperias
273 761 331 795 ap.
355 749 402 784 G.
423 748 496 784 Th.
521 747 561 784 in
579 747 638 783 his
661 753 743 790 568,
764 757 824 794 43.
848 745 1048 790 ,affin-ium,
1073 758 1141 795 pro
1163 745 1370 794 magistratu
1392 747 1542 783 videtur

54 798 180 846 ccipi“
206 809 260 845 ap.
280 799 478 845 scriptores
498 796 642 834 serioris
662 796 803 834 aetatis.

674 907 705 937 1,
729 903 762 940 3,
789 907 817 930 ι.
842 893 866 930 i.

149 987 151 989 ι
631 944 770 990 Γῆραιόν
799 939 879 981 gnra
905 955 942 981 Λ.

132 993 194 1030 De
211 991 347 1041 ἧλικίᾳ,
373 993 557 1030 vocabulo
577 992 737 1028 univerfi
756 994 921 1041 generis,
951 1002 994 1027 ut
1013 993 1109 1029 Lacr.
1129 992 1242 1038 Inttp.
1263 990 1327 1028 ilio
1346 1001 1470 1033 aetas,
1503 1003 1543 1030 ct

2 1051 5 1053 ·
33 1040 194 1078 nostrate
215 1043 343 1083 Alter,
378 1041 514 1078 deinde
539 1053 685 1078 tantum
707 1054 772 1087 pro
793 1042 922 1078 aetatis
942 1041 1062 1088 aliqua
1086 1051 1210 1085 parte,
1238 1051 1280 1076 ut
1300 1040 1359 1076 hic
1380 1041 1427 1077 de
1446 1041 1544 1077 seni-

33 1092 86 1133 li,
121 1103 262 1139 praeter
283 1091 331 1127 N.
358 1092 402 1126 ad
431 1104 460 1131 1,
484 1104 517 1132 1,
536 1103 593 1135 9.‚
631 1091 680 1126 cf.
698 1093 777 1138 Stp.
798 1091 868 1126 Th.
890 1103 920 1131 r,
944 1102 1045 1135 1452.
1069 1091 1109 1124 C.
1134 1103 1204 1130 m.‚
1238 1089 1342 1125 cuius
1374 1090 1498 1127 locum
1522 1105 1545 1127 e

32 1141 124 1178 Luc.
145 1144 253 1185 ληρεῖν
275 1140 330 1186 ὑφ’
351 1140 479 1182 innixe
501 1154 530 1180 ι,
551 1151 633 1183 725.
653 1140 676 1176 1.
693 1153 745 1184 ¹4·
768 1142 832 1177 (Τις.
850 1149 939 1187 prae
950 1140 1126 1187 J‘ensllute
1146 1138 1266 1174 reddit
1283 1137 1428 1181 severe,
1453 1153 1546 1175 con-

32 1190 172 1227 servata
191 1189 478 1236 praepositione,
509 1201 616 1236 quam
630 1202 650 1224 e
664 1190 702 1224 P.
717 1189 933 1234 oppresserit
946 1190 1006 1235 Bg.
1021 1211 1031 1229 ‚
1052 1201 1129 1222 non
1144 1200 1231 1229 tam,
1260 1185 1361 1234 quod
1379 1189 1451 1225 abl.
1464 1190 1546 1225 Lat.

33 1239 158 1275 nudus
181 1238 228 1274 est
251 1250 313 1283 par
331 1239 385 1274 ini
409 1237 594 1273 formulae
613 1250 679 1285 per
698 1250 820 1283 praep.
842 1250 926 1273 cum
946 1236 1076 1276 subst.,
1109 1248 1221 1283 quam
1246 1236 1372 1282 potius
1387 1261 1398 1278 ‚
1439 1237 1546 1285 quod

33 1286 72 1323 h.
94 1288 118 1322 Ι.
138 1298 190 1333 pr.
212 1286 277 1323 2523
303 1286 419 1333 potest
434 1286 547 1323 etiam
566 1299 642 1322 non
662 1294 752 1334 prae
774 1287 916 1328 valere,
953 1285 1014 1321 sed
1034 1287 1112 1321 Lat.
1134 1285 1199 1327 ab,
1230 1296 1275 1320 ut
1296 1285 1382 1321 aiibi
1402 1299 1484 1322 cum
1508 1299 1546 1322 v·

32 1333 139 1383 paffi,
175 1336 285 1381 quale
305 1335 366 1370 hic
385 1351 478 1381 rere.
493 1360 503 1375 ,
541 1346 580 1371 et
599 1335 764 1381 denique
785 1335 889 1382 quod
913 1334 1079 1370 nolucrit
1102 1334 1237 1370 imitari
1263 1334 1548 1372 inconstantiam

34 1395 98 1420 aut
119 1386 335 1420 varietatem
365 1384 405 1419 in
432 1384 504 1418 hoc
529 1384 644 1420 verbo
670 1383 870 1429 dupssiciter
891 1383 1120 1423 construcio,
1154 1390 1243 1430 (qua
1271 1382 1316 1419 de
1339 1383 1484 1420 ratione
1510 1398 1549 1423 v.

33 1433 122 1470 Exc.
147 1433 396 1480 peculiarem)
414 1432 513 1470 forte
533 1446 604 1469 nec
630 1433 844 1470 recordatus
868 1434 949 1469 Lat.
973 1434 1128 1469 verbum
1149 1445 1233 1468 cum
1260 1433 1382 1481 aliqua
1407 1447 1549 1482 praep,

34 1483 82 1519 de
107 1493 183 1530 quo
208 1481 315 1518 infra.

134 1531 235 1566 Tum
258 1530 303 1567 de
324 1536 483 1573 καμάτοις
505 1543 561 1567 res
583 1531 632 1567 cst
654 1530 844 1575 expedita,
879 1530 1000 1578 accipi
1026 1531 1086 1567 hic
1112 1543 1187 1566 non
1212 1529 1257 1565 de
1276 1531 1470 1578 quibusvis
1497 1532 1550 1567 ia-

35 1578 212 1620 boribus,
240 1579 300 1614 sed
319 1579 495 1626 susceptis
516 1580 668 1626 imperii
682 1579 808 1621 causa,
844 1581 880 1615 in
903 1581 1036 1626 quibus
1057 1580 1140 1617 sunt
1159 1591 1196 1614 at
1217 1579 1353 1623 bellici,
1382 1582 1547 1628 bellique

35 1628 124 1666 illae
148 1628 353 1670 molestiae,
388 1641 450 1674 per
469 1628 623 1669 itinera,
650 1628 687 1665 in
709 1629 828 1664 castris
848 1640 885 1665 et
907 1628 1201 1676 tempestatibus,
1240 1642 1315 1676 quo
1337 1631 1382 1666 de
1401 1641 1472 1665 utr.
1494 1630 1550 1666 la·

35 1679 167 1714 borum
189 1688 325 1723 genere
346 1677 480 1713 Noster
502 1678 538 1714 id
558 1676 665 1714 subst.
688 1677 864 1714 adhibere
887 1677 1000 1717 solen
1027 1688 1180 1713 tenente
1194 1679 1360 1724 Stpsfh
1384 1680 1550 1715 nostrum

33 1727 159 1763 locum
178 1725 250 1763 fine
270 1727 333 1762 Vs.
352 1726 421 1761 alia
445 1726 509 1763 sub
535 1727 680 1769 ‚‚labor,
709 1727 892 1773 fatigatio
910 1747 950 1754 -—
969 1728 1048 1763 Hac
1070 1739 1161 1762 voce
1185 1738 1342 1764 utuntur
1362 1727 1551 1765 interdum

36 1775 165 1823 prosae
186 1773 330 1821 script.,
365 1774 455 1811 licet
474 1774 622 1822 poetica
643 1776 685 1812 sit
708 1777 846 1821 potius,
874 1787 983 1824 quam
1001 1776 1171 1818 oratoria,
1200 1776 1410 1822 praesertim
1424 1789 1552 1815 autem

39 1825 307 1861 Herodianus«
330 1835 425 1869 quae
443 1824 596 1861 censura
614 1824 715 1861 forte
736 1825 872 1868 nimia,
904 1824 952 1860 cf.
975 1825 1053 1863 Iud.
1075 1825 1158 1862 Act.
1182 1826 1228 1861 V.
1251 1826 1311 1868 h..
1339 1826 1401 1864 sed
1415 1826 1550 1868 Hes.2‚

40 1884 123 1921 131.
142 1886 189 1909 m.
218 1873 293 1908 fine
315 1873 364 1909 N.

131 1922 203 1958 Sed
225 1924 270 1959 de
289 1927 440 1968 φροντίσι
461 1921 561 1960 forte
580 1922 764 1960 dubitatio
786 1922 847 1966 est,
873 1934 998 1959 utrum
1021 1922 1277 1972 significentur
1298 1924 1489 1974 aegritudo
1509 1938 1553 1962 ac

39 1971 203 2013 tristitia,
238 1983 431 2018 rerumque
452 1972 607 2009 tristium
627 1972 898 2019 cogitationes,
932 1985 973 2010 ut
993 1972 1038 2008 de
1056 1972 1160 2014 filio,
1194 1975 1368 2022 quorsum
1390 1975 1553 2011 inclinat

39 2025 101 2059 Bc.
123 2021 160 2057 in
181 2022 227 2057 N.
241 2044 252 2061 ‚
286 2031 326 2056 et
347 2019 535 2067 pertinent
551 2022 727 2070 quaedam
746 2033 802 2068 ap.
824 2021 946 2058 Nostr.
970 2022 1007 2057 in
1031 2021 1104 2070 sqtq.
1127 2022 1161 2069 ᾗ.
1176 2034 1206 2068 3.
1225 2023 1361 2070 5.sqq.,
1387 2035 1428 2061 ut
1449 2035 1487 2060 et
1505 2023 1555 2061 de

40 2070 235 2108 Germanis
255 2069 363 2117 §.12.
381 2093 392 2110 ‚
418 2083 463 2106 an
485 2071 654 2107 universe
676 2072 822 2107 valeant
844 2070 1094 2119 cogitationes
1116 2084 1259 2113 rerum,
1284 2074 1328 2108 ad
1347 2073 1553 2120 imperium

40 2119 335 2168 pertinentium.
364 2118 672 2161 deliberationes.
710 2119 872 2159 consilia,
904 2132 1030 2157 mente
1050 2121 1199 2167 agitata,
1229 2133 1314 2158 cum
1336 2134 1448 2170 opera
1470 2136 1554 2159 cor-

40 2169 141 2217 poris
159 2170 339 2217 quadam;
377 2179 463 2204 cum
487 2179 525 2205 et
545 2171 622 2205 Lat.
641 2182 749 2205 curae
768 2168 932 2205 similiter
953 2168 1144 2210 dicantur,
1182 2180 1220 2206 et
1239 2170 1346 2218 saepe
1371 2173 1554 2220 copulen-

39 2229 101 2254 tur
120 2219 220 2253 labor
236 2229 276 2253 er
293 2230 400 2259 cura,
426 2228 600 2266 tanquam
618 2219 750 2258 affinia.
779 2230 821 2257 ut
842 2229 965 2255 tamen
985 2219 1048 2256 ine
1066 2219 1225 2255 maxime
1245 2219 1290 2255 ad
1310 2232 1460 2268 corpus.
1490 2221 1555 2258 sed

40 2268 132 2303 haec
155 2267 198 2302 ad
224 2267 388 2302 animum
414 2266 608 2314 praecipue
628 2268 835 2309 referatur,
867 2267 913 2304 cf.
938 2270 1071 2304 G.Th.
1093 2280 1175 2304 cum
1190 2269 1255 2306 Gr.
1275 2282 1334 2313 n.,
1360 2270 1470 2309 nobis
1489 2271 1556 2308 hic

41 2327 84 2353 ue
104 2314 286 2352 sufficiant
305 2315 490 2364 Gescb’a'fte
507 2317 583 2353 und
602 2317 758 2366 §biga-n,
796 2328 911 2365 aeque
936 2318 1007 2353 tare
1029 2318 1207 2364 patentia.

131 2366 248 2401 Porro
268 2377 300 2399 v.
319 2368 555 2410 τρυχοῦσθιᾳ,
580 2365 681 2402 idem
703 2378 786 2402 cum
803 2363 1017 2411 τρόχεσὲιμ
1048 2367 1112 2407 (cf.
1131 2369 1318 2404 1nd.Xen.
1341 2369 1555 2407 HestMm.

41 2425 81 2451 et
99 2413 215 2450 Fisch.
236 2413 382 2460 Aesch.)
401 2415 612 2452 communis
631 2415 679 2451 est
696 2415 867 2453 notionis
892 2428 976 2452 cum
997 2413 1107 2462 τςιῖω,
1142 2430 1176 2452 ν.
1194 2417 1274 2464 Stp.
1295 2418 1367 2454 Th.
1390 2429 1424 2464 3.
1449 2429 1556 2466 1323.

43 2466 83 2500 F.
108 2475 146 2500 et
165 2463 265 2500 Foes.
287 2465 376 2500 Oec.
400 2475 437 2510 p.
453 2474 531 2510 377.
552 2465 608 2506 b.,
641 2476 798 2512 quorum
818 2475 974 2512 uterque
998 2466 1159 2502 nostrum
1183 2467 1306 2503 locum
1327 2467 1498 2509 adhibet,
1534 2481 1558 2505 e

44 2513 85 2550 P.
105 2524 249 2560 paene,
273 2513 334 2548 ine
348 2512 396 2548 G.
415 2526 449 2549 e.
476 2514 680 2553 „laboribus
701 2513 828 2550 multis
847 2527 912 2561 que
932 2513 1028 2551 curis
1046 2515 1273 2562 confeHum“
1297 2516 1356 2552 sed
1377 2517 1438 2553 hic
1456 2517 1558 2555 seve-

43 2562 121 2600 rius
139 2559 216 2598 sune
235 2560 301 2598 illo
320 2562 358 2598 P.
380 2561 452 2598 adi.
475 2562 573 2603 ‚‚!ab.
594 2563 690 2600 curis
708 2576 780 2610 que
798 2562 1005 2609 consenum
1036 2575 1076 2600 ut
1097 2567 1187 2601 ssud.
1202 2566 1266 2607 G..
1291 2565 1389 2602 reste
1408 2577 1560 2615 compa-

43 2621 124 2666 ratp
148 2623 182 2646 v.
201 2617 310 2657 τρέω.
337 2621 443 2658 1233,
467 2623 522 2648 ιο.
544 2611 591 2648 cf.
613 2624 713 2660 p.pr.
737 2615 758 2647 Ι.
773 2623 829 2660 33.
847 2613 923 2660 sqq,
950 2611 1076 2661 inSrp.
1092 2613 1136 2649 ad
1148 2614 1458 2663 Sch01.·rhuc.p.
1473 2621 1558 2664 643.

45 2673 78 2697 a.
97 2673 122 2697 ι.
141 2659 186 2695 ad
205 2661 270 2695 Vs.
295 2670 328 2704 ς.
354 2660 458 2698 Suid.
479 2671 512 2708 3,
533 2673 610 2707 455.
629 2662 654 2697 i.
682 2671 763 2707 513.
781 2675 837 2702 e..
862 2663 925 2698 ubi
944 2674 981 2698 ct
1005 2663 1083 2711 syn.
1101 2666 1392 2711 ἐκτετρυχωμένης
1406 2691 1417 2708 ‚
1442 2667 1559 2703 attri-

45 2719 128 2752 tus,
161 2708 333 2753 affliekus,
368 2720 545 2754 vexatus,
579 2710 596 2749 ὅ
621 2713 657 2750 δὲ
685 2709 749 2751 rinc?
778 2719 838 2755 τῆς
861 2712 1004 2760 ἀπορίας
1031 2717 1100 2751 inr-
1119 2708 1180 2757 ἔν,
1216 2714 1276 2751 ille
1303 2727 1391 2752 vcro
1408 2725 1558 2766 propter
