1798 3163
72 155 75 158 ’
112 143 286 199 LIBER
305 149 342 194 Ι.
385 147 512 196 CAP.
535 146 616 194 IV.
650 145 772 192 A-V.
796 144 846 190 C.
872 154 995 200 933.
1035 144 1174 191 CHR.
1195 146 1259 190 N.
1286 149 1402 195 180.
1446 157 1548 203 109

0 273 10 314 ;
41 287 152 330 „⁰5⁵4
237 258 337 313 Οὔτε
383 257 478 330 Ὺῦὲξ
532 258 774 330 χξημάτων
819 295 837 324 1
850 269 898 326 e.
938 277 999 326 vis
1019 275 1290 350 ullafitfficit
1314 279 1552 348 tyrannidis

42 340 250 407 »πλῆθος
264 334 380 389 οὐδὲν
393 336 644 406 az'a'toegnete
666 335 774 405 πςός
819 401 827 409 .
961 401 970 411 '
1068 402 1077 410 ·

0 408 7 439 ’
41 413 318 488 »τυςαννῖὃος
364 414 614 483 duecte-(av,
677 409 776 461 οὔτε
811 408 1126 475 ”mqntmffltlae
1144 441 1160 468 ‚
1224 420 1355 472 neque
1381 402 1551 473 satelli-

131 551 166 585 e)
187 549 333 589 εὖτιςκές
350 545 418 578 hoc
433 544 504 577 alio
523 550 664 577 accentu
686 542 718 576 ln
737 543 770 577 B.
782 555 816 579 2.
834 544 870 578 L.
888 545 933 578 al.
952 556 987 578 V.
1006 546 1051 580 N.

32 660 147 710 filia,·
173 659 219 696 ad
237 671 345 708 quam
371 656 518 704 ellipsin
536 657 663 694 redeas
681 656 791 694 etiam
807 681 817 698 ‚
840 656 865 694 fi
884 657 954 695 adi.
975 670 1098 696 neutr.
1113 660 1210 707 plur.
1229 673 1396 707 exponas
1412 675 1478 710 per
1499 665 1552 702 el-

36 708 147 758 fipfin
166 722 221 757 pr.
238 714 327 747 κατὰ
348 709 502 754 <iterum
521 705 653 745 filente
671 707 713 742 L.
733 708 832 752 Bos.)
851 721 917 754 pro
937 709 1018 743 adv.
1039 713 1189 757 optime,
1217 713 1320 757 quod
1338 713 1466 749 etLat.
1488 714 1549 749 ha·

39 760 133 802 bent
152 759 191 795 in
210 771 243 794 v.
267 759 396 795 severo
416 756 612 806 consulere,
644 769 679 792 v.
691 758 738 794 G.
750 756 825 792 Th.
838 780 848 798 ‚
883 769 959 806 quo
978 759 1116 802 utitur,
1139 773 1212 797 una
1225 773 1308 798 cum
1319 763 1404 809 ng
1435 762 1552 801 etiam

35 810 120 848 lud.
139 810 181 846 Z.
201 810 296 845 Xen.
318 809 406 855 Cyr.
736 848 738 850 ¹

89 855 169 897 ,ὅτε
186 862 310 905 mim.)
337 859 420 894 Sch.
449 870 535 901 „xm
565 854 772 892 multitudo
798 857 988 902 pecuniam
1014 857 1075 894 sed
1102 858 1144 894 in
1170 873 1232 904 χρ.
1260 871 1347 896 cum
1366 861 1428 908 Bg.
1458 861 1550 903 eP..

39 921 108 958 per
127 919 325 944 numerum
347 906 387 943 in
404 918 480 943 uno
500 906 611 942 alium
625 931 635 946 ,
663 917 702 941 et
721 905 758 941 in
781 906 898 941 altero
922 905 1117 954 exquilite,
1153 907 1212 944 fed
1233 920 1346 957 tropo
1366 909 1420 945 sat
1438 920 1551 952 noto.

38 956 89 994 cf.
114 958 161 995 G.
179 957 252 993 Th.
277 968 382 1001 1050,
404 965 463 1002 43.
491 957 586 997 ,‚vis,
610 957 759 997 πλῆθος,
787 954 990 990 multitudo
1010 967 1050 990 et
1069 955 1227 1002 c‹›piae·‘
1257 955 1298 992 in
1323 969 1356 992 v.
1369 967 1442 1005 pec.
1462 971 1551 996 cum

39 1009 107 1044 Gr.
133 1019 171 1043 n.
192 1007 285 1052 plur.
300 1030 311 1046 ,
338 1017 419 1041 non
441 1006 533 1041 male
551 1004 661 1040 Vern.
681 1014 753 1038 vet.
776 1002 942 1038 solvente
960 1003 1066 1039 subst.
1087 1006 1163 1040 duo
1182 1007 1221 1040 in
1242 1006 1312 1041 adi.
1326 1018 1409 1042 cum
1428 1008 1551 1051 subst,

34 1055 157 1107 grosse
174 1057 331 1092 &Mieza
380 1056 477 1090 Tum
499 1056 611 1094 οὐδὲν,
637 1050 701 1087 etsi
726 1064 791 1098 pro
810 1050 926 1098 simpl.
945 1055 982 1088 οὐ
1002 1053 1122 1099 potest
1139 1054 1276 1090 iterum
1296 1054 1437 1102 accipi,
1461 1069 1502 1093 ut
1513 1057 1549 1105 §-

40 1120 80 1144 α.
99 1119 132 1141 e.
151 1105 229 1150 (ubi
250 1115 289 1140 et
308 1104 355 1140 de
372 1109 443 1145 ἐς),
470 1104 604 1138 iterum
626 1101 687 1136 hic
706 1100 906 1146 oppreffo,)
927 1112 1049 1137 tamen
1069 1103 1106 1138 h.
1127 1103 1152 1137 l.
1173 1115 1255 1139 cum
1269 1105 1331 1151 ssg.
1355 1118 1418 1152 per
1438 1119 1549 1154 pron.

38 1153 288 1194 reddiderim,
315 1165 395 1188 non
407 1150 648 1200 negligensid
663 1162 747 1185 cum
768 1150 833 1210 1³¹5,
860 1152 1077 1197 proboque,
1103 1163 1188 1188 cum
1210 1152 1308 1189 idem
1331 1166 1439 1200 pron.
1464 1167 1550 1204 neg.

37 1216 124 1240 cum
146 1202 335 1250 particulis
352 1203 518 1238 eiusdem
537 1200 730 1241 notionis,
766 1214 844 1235 oure
862 1221 901 1228 —
930 1203 1022 1238 οὐδὲν
1041 1223 1080 1229 -
1107 1201 1210 1242 οὔτε,
1244 1203 1310 1249 (cf.
1340 1216 1370 1243 ι,
1390 1217 1422 1244 2..
1444 1218 1478 1249 4.
1499 1219 1549 1247 e...

36 1254 101 1290 ubi
120 1263 224 1298 pron.
246 1250 343 1288 idem
366 1249 578 1298 praecedit,
600 1249 662 1286 hic
684 1248 876 1296 medium)
899 1261 979 1286 non
1001 1250 1104 1286 dedit
1125 1250 1259 1289 severe.
1284 1265 1439 1300 nequc—
1461 1254 1551 1290 nul-

35 1302 125 1342 13-
146 1313 273 1348 neque,
310 1301 358 1336 ob
378 1299 656 1348 ambiguitatem
680 1298 719 1334 in
743 1311 852 1345 neque
870 1299 989 1342 nulla,
1023 1301 1142 1347 (quod
1170 1300 1295 1338 fuitset
1325 1315 1392 1348 pro
1421 1303 1549 1340 aiente

36 1352 112 1396 ulla
132 1350 157 1387 s.
183 1350 330 1397 aliqua)
353 1349 414 1387 sed
437 1361 502 1396 per
523 1359 606 1397 neg.
628 1359 667 1384 et
688 1347 960 1390 affirmativam,
993 1348 1127 1392 nobis,
1162 1353 1253 1386 dem:
1276 1351 1399 1388 weder
1419 1353 1556 1401 irgend

36 1401 125 1438 eine
142 1401 273 1447 Menge
294 1411 369 1436 von
393 1399 485 1435 Geld
499 1398 523 1433 s.
542 1397 714 1434 Scbiitzen
727 1422 737 1438 ,
767 1396 828 1434 ubi
847 1410 918 1433 non
939 1399 1010 1433 ulla
1031 1399 1054 1434 s.
1075 1401 1173 1435 nulla
1193 1399 1384 1437 infinitum
1407 1402 1456 1437 est
1478 1415 1549 1449 pro

35 1463 113 1498 que
137 1449 329 1496 superlat„
363 1461 433 1485 nec
461 1448 617 1484 maxima
647 1447 826 1495 pecuniae
852 1447 1085 1490 multitudo,
1116 1449 1166 1492 s.,
1193 1450 1234 1486 in
1264 1451 1456 1488 conttasto
1479 1453 1550 1489 illo

35 1501 149 1537 Vern.
172 1510 246 1536 vet.
266 1498 404 1539 modo,
431 1509 502 1534 nec
518 1497 679 1535 summae
699 1495 866 1532 divitiae.

54 1558 68 1572 ⁸
87 1547 270 1594 αὔταρκες)
296 1550 464 1585 Accentu
483 1546 556 1583 hoc
576 1560 596 1582 e
617 1546 750 1593 regulis
763 1547 966 1584 Grammat.
986 1546 1118 1592 (Well.
1139 1561 1239 1595 p-9i.
1259 1549 1282 1585 i.
1305 1549 1328 1585 s.
1343 1552 1547 1599 67.m.)ap.

36 1603 120 1647 Stp.
139 1599 212 1635 Th.
244 1597 292 1634 est
313 1597 487 1639 aliunde,
532 1596 644 1632 etiam
671 1597 711 1631 in
743 1594 822 1631 eius
841 1609 862 1630 e
883 1597 970 1632 Luc.
987 1609 1016 1638 ι,
1035 1602 1117 1642 675.
1138 1598 1187 1640 i.,
1224 1599 1284 1634 sed
1306 1601 1350 1636 τέ
1368 1603 1550 1646 αὐταρκὲς,

36 1650 154 1695 altero
165 1647 435 1687 eddaccenm,
461 1645 582 1682 rursus
601 1646 807 1693 ap.Ant0n.
825 1645 921 1681 Phil.
947 1659 978 1688 i,
1002 1651 1056 1683 16.
1078 1660 1109 1695 p.
1126 1660 1183 1691 24.
1201 1661 1248 1684 m.
1270 1662 1308 1684 et
1333 1648 1372 1685 in
1394 1651 1441 1686 N.
1460 1650 1549 1686 Gat-

39 1701 77 1738 b.
94 1700 136 1735 Β.
159 1710 228 1739 ml,
268 1708 310 1733 ut
335 1708 419 1732 cum
441 1708 493 1744 pr.
524 1693 608 1741 πςδς
630 1694 740 1731 etiam
761 1694 912 1731 aliunde
928 1707 982 1741 ap.
1003 1697 1107 1742 Stp.,
1144 1698 1184 1732 in
1205 1700 1341 1746 quibus
1366 1699 1488 1735 Thuc.
1514 1713 1549 1741 ε,

40 1759 99 1793 ςι.
117 1746 140 1783 i.
160 1749 207 1784 de
226 1747 324 1792 peste
341 1745 423 1782 illa,
452 1752 550 1789 ςῶμα
569 1740 737 1789 αὔταρκες
759 1740 793 1780 ἓν
813 1748 905 1782 οὐδὲν
926 1746 1060 1791 δὶεῷάνη
1077 1744 1162 1792 πςδς
1181 1747 1287 1787 αὐτ-δ,
1313 1750 1446 1785 nullum
1465 1762 1549 1784 cor-

39 1808 111 1845 pus
141 1796 239 1831 tanti
265 1794 349 1831 mali
371 1794 564 1829 violentiae
591 1792 748 1828 resistere
765 1795 906 1839 potuit,
943 1794 1004 1829 ubi
1037 1807 1121 1832 cum
1144 1798 1207 1844 ng.
1230 1800 1287 1842 (et
1306 1797 1440 1845 partim
1464 1799 1550 1835 Seli.

39 1844 173 1893 „quod
184 1842 316 1892 sufficit
336 1843 381 1878 ad
399 1842 565 1889 aliquid“
588 1841 732 1878 deserto
752 1842 809 1888 P.)
828 1854 990 1879 mutatur
1017 1844 1131 1880 setho
1163 1847 1226 1882 Gr.
1254 1857 1294 1883 ct
1320 1846 1484 1883 formula
1507 1849 1548 1884 in

40 1895 123 1943 syn.
145 1895 240 1934 dat..
279 1904 346 1939 pro
377 1891 513 1938 quibus
535 1891 656 1925 malim
678 1890 842 1936 phrasin,
882 1891 920 1927 in
951 1903 1020 1938 qua
1039 1893 1109 1928 adi.
1134 1894 1343 1938 retinetur,
1369 1895 1549 1945 sufficien-

38 1954 132 1980 tem·
161 1954 306 1989 parem,
339 1939 423 1988 effi,
458 1939 537 1977 h.1.
565 1938 588 1974 i.
608 1951 641 1985 q.
662 1939 712 1986 sq·
733 1939 865 1981 ἱκανὸςι
902 1951 1066 1987 quocum
1090 1953 1129 1978 et
1143 1942 1211 1979 inf.
1232 1944 1352 1991 regit,
1387 1945 1435 1981 cf.
1461 1948 1547 1983 lnd.

39 1993 133 2030 Xen.
153 1993 240 2039 Cyr.
259 2000 299 2026 et
326 1989 553 2029 l’olb.Ern.,
598 1988 639 2023 it.
663 1989 750 2025 Hes.
776 2001 806 2029 1,
837 1992 918 2024 621.
951 2001 983 2024 e.
1003 1993 1062 2031 ἂ.,
1097 1992 1229 2034 innuit,
1262 1994 1326 2030 [ed
1352 2007 1386 2036 2,
1420 2005 1473 2040 35.
1496 2008 1548 2032 m.

39 2047 170 2082 ἱκανὴν,
193 2040 382 2085 ἆρκοῦσαν,
409 2051 448 2075 et
466 2051 552 2073 mox
571 2036 700 2079 ἱκανὸν,
727 2041 881 2083 διαρκὲς,
917 2037 965 2072 cf.
990 2051 1024 2085 p.
1039 2043 1167 2086 963.e.
1191 2046 1294 2086 1276,
1313 2055 1363 2080 m.
1395 2048 1548 2091 33:3255,

39 2093 139 2129 unde
162 2088 317 2126 sortallis
339 2087 398 2124 ille
419 2097 592 2123 accentus
612 2087 704 2122 alius
724 2088 763 2122 iu
782 2088 907 2123 nostro
927 2087 998 2123 adi.

86 2139 227 2186 angae.)
257 2137 405 2174 Mallem
426 2137 628 2180 ἀσφάλειαν,
685 2137 781 2171 Nam
801 2136 952 2181 κ’κμσία
972 2149 1052 2173 non
1075 2139 1171 2174 bene
1188 2140 1371 2178 convenit
1391 2141 1550 2189 sequen·

37 2189 150 2229 tibus.
203 2188 349 2224 Marcus
369 2187 469 2222 enim
491 2186 626 2220 docere
647 2187 748 2224 vult,
783 2187 978 2233 quomodo
999 2187 1175 2234 princeps
1196 2200 1299 2226 tutus
1318 2191 1441 2227 vivere
1463 2193 1549 2239 pos·

37 2237 106 2279 fit,
127 2234 312 2278 ἆκινδᾶιως.
361 2235 420 2272 Ad
443 2236 538 2272 hanc
556 2247 647 2269 vero
667 2247 743 2271 rem
762 2247 842 2271 non
864 2235 1028 2273 sufficere
1047 2237 1210 2274 ostendit
1235 2251 1306 2275 nec
1332 2242 1548 2288 pecuniam,

36 2300 108 2325 nec
128 2286 325 2324 satellitum
349 2284 504 2334 agmina.
537 2282 661 2320 Gedik.

82 2337 196 2373 Cuius
213 2346 490 2383 argumentum,
523 2347 544 2369 e
563 2343 746 2370 contextu
765 2332 936 2376 ductum,
971 2334 1143 2372 adiuvare
1166 2335 1273 2383 poffis
1294 2338 1409 2375 altero
1431 2339 1505 2376 hoc
1523 2352 1550 2377 ι

35 2386 244 2424 litterarum
272 2383 509 2421 limilimdine
537 2385 712 2430 quadam,
742 2383 845 2420 unde
866 2400 906 2430 κς
926 2394 965 2419 et
982 2394 1030 2430 σφ
1045 2410 1054 2426 ,
1083 2384 1122 2421 it.
1140 2401 1162 2423 σ
1180 2398 1219 2422 et
1238 2398 1283 2427 Λ.
1321 2400 1399 2423 tum
1423 2406 1432 2423 ι
1458 2402 1496 2425 et
1515 2406 1546 2427 ει

36 2434 212 2474 confusa‚·
244 2443 289 2470 ut
309 2445 432 2470 tamen
457 2445 536 2475 non
556 2443 678 2469 tutum
700 2431 743 2469 lit
761 2444 906 2469 tentare
926 2433 1016 2481 quid
1036 2434 1098 2469 hic
1125 2446 1255 2471 contra
1276 2436 1391 2474 libros
1411 2450 1545 2475 omncs

35 2496 78 2522 et
98 2486 132 2521 Ι).
152 2483 272 2531 ipsum
288 2507 298 2523 ,
333 2481 530 2529 perstantes
553 2481 593 2519 in
616 2481 778 2518 lestione
803 2483 923 2530 vulg.,
959 2495 1068 2530 quam
1095 2481 1142 2519 fic
1163 2493 1269 2521 tuear
1297 2498 1408 2534 atque
1429 2488 1545 2535 expli-

35 2546 139 2575 cem,
164 2544 206 2569 ut
221 2548 297 2578 της.
317 2544 402 2568 cum
425 2533 539 2568 Vern.
555 2532 717 2568 sumatur
739 2532 785 2568 de
807 2542 988 2567 concreto
1008 2544 1049 2567 ac
1068 2533 1184 2580 pers.‚
1210 2546 1249 2570 et
1267 2533 1372 2572 subst.
1389 2549 1459 2572 utr.
1474 2549 1544 2584 pro

36 2584 108 2621 adi.
127 2594 212 2618 cum
232 2580 357 2621 subst.‚
383 2580 649 2629 intemperanti
670 2581 695 2618 s.
715 2580 867 2628 profuso
889 2591 1071 2627 tyranno,
1097 2579 1137 2618 in
1157 2583 1286 2619 malam
1298 2596 1455 2632 partem,
1482 2586 1545 2621 vel

35 2631 150 2670 etiam
168 2631 335 2667 universe
354 2630 454 2679 regi,
480 2630 660 2678 principi,
686 2641 729 2666 ut
748 2642 835 2665 mox
851 2629 1022 2676 sequatur
1034 2630 1092 2668 τόν
1109 2631 1192 2678 dex.
1206 2644 1268 2680 per
1279 2633 1519 2670 variationem
1532 2649 1546 2676 ς

35 2679 101 2730 qui
121 2693 206 2718 curn
225 2679 270 2720 fit
288 2681 479 2727 impotens
495 2678 570 2721 sui,
593 2679 868 2727 cupiditatum,
892 2679 1021 2727 gulae,
1047 2691 1284 2729 ventrisque,
1318 2695 1359 2717 ac
1383 2684 1543 2730 profun-

37 2731 102 2780 dat
121 2731 180 2768 vel
199 2729 372 2766 maximas
399 2729 573 2772 divitias,
607 2730 651 2766 ab
677 2729 723 2766 iis
751 2728 848 2765 nihil
876 2726 1045 2776 praefidii
1074 2729 1189 2766 habet
1215 2732 1260 2767 ad
1285 2731 1322 2768 se
1344 2733 1544 2773 tuendum.

35 2778 146 2829 quia.
181 2777 474 2828 intemperante}
491 2789 575 2816 ante
592 2777 663 2816 iam
681 2777 890 2818 absumta,
922 2788 1023 2821 tum,
1059 2789 1144 2817 curn
1165 2778 1249 2818 usus
1270 2793 1395 2820 earum
1422 2780 1467 2820 fic
1495 2783 1542 2818 ad
