1772 3158
113 115 287 160 LIBER
307 116 342 158 1.
377 115 632 161 CARXW.
679 111 810 161 AN.
835 115 882 159 c.
911 124 1032 170 945.
1064 82 1211 161 ἀἰξὶ
1234 116 1298 160 N.
1330 127 1446 172 192.
1491 116 1594 173 629

79 230 299 292 ἐφαίνετο.
359 223 537 296 ἤλλαξε
568 223 618 277 δὲ
639 228 715 278 καὶ
738 229 820 277 τῶν
856 233 1211 299 conspiciebatur.
1297 238 1492 283 Mutavit
1508 237 1594 283 ‘au-

81 323 226 360 Herculi
247 324 414 360 Romano
428 324 546 370 Augu.
561 323 597 360 S.
610 323 672 365 C.,
695 335 792 373 quae
803 324 912 361 verba
933 324 1032 360 clava
1045 324 1139 360 secat
1152 322 1284 364 media,
1304 324 1464 373 denique
1476 322 1594 371 septi·

79 385 176 414 mus,
196 373 237 409 L.
252 374 329 409 Ael.
341 373 465 408 Aurel.
483 373 630 414 Comm.
644 377 738 420 Aug>
756 375 791 410 Ρ.
805 375 877 409 Fel.
897 385 935 409 et
953 385 1065 420 caput
1076 372 1289 413 Commodi,
1306 373 1440 410 hedera
1463 374 1588 410 revin-

79 422 191 463 stum.
215 420 274 457 sed
285 420 325 457 in
333 422 444 457 altera
456 433 559 468 parte
569 422 718 457 Herculi
729 423 894 459 Romano
906 428 999 467 Aug.
1011 436 1050 458 et
1059 434 1263 468 tropaeum,
1286 422 1341 457 cui
1355 435 1501 458 manum
1518 423 1590 458 im·

78 470 190 518 ponit
203 471 396 511 Hercules,
417 471 501 506 cuni
512 470 612 505 clava
622 481 660 506 et
674 470 771 520 pelle
783 473 879 508 leon.
892 463 1042 508 adr't‘ans.
1096 473 1194 507 Tum
1210 471 1258 506 ib.
1279 483 1312 517 p.
1327 472 1377 518 sq.
1391 472 1438 506 est
1450 483 1587 507 numus

77 519 275 561 secundus,
296 519 494 566 inscriptus
512 519 649 566 Iupiter
665 518 1030 568 exfhperannjffimus,
1054 521 1119 569 qui
1140 531 1293 568 putatur
1303 520 1372 556 esse
1386 519 1463 567 ipse
1475 522 1589 557 Com-

77 569 226 608 modus,
251 580 290 604 et
308 567 432 604 forsan
452 567 618 616 pertinet
635 569 681 604 ad
700 568 826 606 Nostri
842 568 875 615 §.
896 570 948 616 sq.

120 619 287 661 τοιοῦτος)
314 617 439 658 Talis,
479 629 582 665 quum
611 618 809 665 prodibat,
845 620 1144 669 conspiciebatur,
1184 618 1208 654 i.
1226 631 1258 655 e.
1290 619 1356 656 tali
1384 617 1514 656 habitu
1540 616 1586 656 in

77 666 270 715 publicum
289 664 474 712 prodibat.
497 667 612 714 Steph.

167 716 286 751 Immo
305 725 365 758 et,
399 713 465 751 tali
482 716 614 751 habitu
631 715 939 763 conspiciendum
955 717 991 754 se
1012 717 1230 765 praebebat,
1263 730 1378 767 quum
1399 716 1585 764 prodiret.

74 776 145 813 qua
163 763 326 800 formula
347 764 459 800 altera
479 763 599 802 utitur
619 765 770 802 aliunde
781 767 860 814 Stp.
878 766 953 802 Th.
974 780 1007 802 v.
1026 778 1062 813 φ.
1076 792 1086 808 ,
1113 767 1265 804 libcrius
1283 778 1416 814 agente
1436 765 1585 807 sanel’..

72 812 185 850 etiam
201 812 330 849 addito
353 813 456 854 adv„
493 814 597 850 unde
613 814 731 851 servat
746 817 811 863 Bg.
830 814 909 864 syn.
933 816 971 852 in
994 817 1054 859 δὴ,
1090 829 1156 864 pro
1177 828 1252 863 quo
1274 817 1345 852 Ms-
1370 823 1421 852 τοὶ
1444 812 1587 851 librarii

69 862 116 898 fit
137 862 278 908 lapsus,
312 860 338 900 s.
357 863 492 911 glossa.
527 875 721 911 acceptum
737 864 843 900 sensu
859 864 1081 908 affirmandi3
1121 867 1221 901 unde
1241 865 1367 901 redeas
1386 863 1431 900 ad
1451 864 1488 905 δὴ
1511 874 1584 910 pro

69 914 153 949 Lat.
174 913 258 960 Bg„
294 922 337 947 ut
363 912 499 948 G.Th.
526 922 695 959 „nempe,
732 919 872 958 μὲν-τού(
899 927 938 950 et
958 915 1084 964 Hoog.
1107 917 1180 961 Op.
1208 927 1242 960 p.
1262 926 1402 951 211.m.
1432 915 1499 949 Nr.
1525 924 1583 948 η.

70 967 168 1007 »γάρ
186 976 236 996 τοι
256 957 318 998 vix
338 959 465 1009 differt
483 973 501 996 a
519 967 588 1007 γὰρ
609 964 676 1003 3231‘
698 961 804 1000 sensu
821 963 972 1011 quidem
993 963 1212 1000 affeveraudi
1226 988 1238 1005 ,
1272 976 1348 1011 quo
1367 963 1413 999 de
1433 962 1483 998 ibi
1504 961 1583 1009 agi-

68 1021 150 1052 tur,-
182 1019 224 1044 ut
244 1016 296 1045 τοὶ
318 1010 479 1046 notione
499 1012 612 1047 altera
629 1010 840 1047 adversante
859 1011 948 1048 facit
967 1014 1046 1049 Lat.
1070 1014 1132 1049 hic
1150 1013 1242 1049 alius
1264 1012 1426 1052 ordinis.
1445 1009 1512 1058 sed
1526 1022 1582 1047 ta-

64 1059 114 1095 lis
137 1059 296 1106 quidem,
325 1058 348 1094 l'.
367 1059 532 1107 neglec'to
551 1066 631 1104 μὲν,
656 1059 773 1097 solum
791 1061 879 1096 talis
895 1074 1001 1101 verm
1028 1061 1211 1098 familiare
1231 1073 1272 1097 ut
1291 1060 1335 1096 fit
1358 1061 1492 1097 Nostro
1515 1065 1579 1104 μὲν

67 1108 110 1150 ἔῆ
131 1109 171 1144 in
190 1106 347 1144 clausula
367 1118 407 1144 et
423 1107 576 1145 transitu
595 1109 637 1144 ad
660 1109 751 1150 alia,
786 1109 852 1146 ubi
872 1109 913 1152 ὂιὶ
935 1123 1000 1157 pro
1020 1113 1098 1147 Lat.
1120 1111 1236 1158 igitur
1259 1109 1378 1155 capio,
1406 1120 1483 1157 quo
1495 1108 1582 1145 sen-

65 1156 109 1194 su
127 1164 180 1193 τοὶ
200 1156 372 1193 nondum
392 1168 494 1194 certo
514 1157 602 1197 scio,
625 1157 674 1192 cf.
692 1171 721 1200 1,
745 1169 800 1204 13,
820 1166 855 1198 8.
877 1160 923 1195 ad
942 1166 1067 1202 μέντοι,
1096 1159 1137 1195 it.
1162 1170 1192 1200 r,
1217 1162 1272 1200 16,
1293 1170 1325 1202 5.

114 1203 256 1251 ἔμιξε)
281 1206 451 1252 Mergffum
469 1218 681 1243 annuorum
699 1208 851 1243 nomina.
896 1208 1076 1257 Intelligit
1095 1219 1218 1245 autern
1231 1205 1377 1244 fortasse
1394 1203 1578 1243 menfium

65 1255 186 1291 totius
212 1254 312 1291 anni.
363 1255 520 1303 Alioqui
548 1255 857 1302 supervacaneum
887 1256 978 1293 illud
1004 1260 1126 1295 ἑιιαυσ.
1164 1256 1274 1292 nobis
1302 1255 1420 1292 videri
1451 1264 1578 1303 queat.

63 1304 182 1352 Stepb.
231 1303 419 1340 Possumus
440 1305 551 1340 etiam
572 1304 728 1341 reddere
754 1305 916 1352 menfium
933 1305 1284 1352 annivezjsariorurm
1321 1305 1344 1341 i.
1364 1318 1395 1341 e.
1415 1314 1580 1352 quotan-

60 1353 122 1390 nis
142 1353 181 1389 in
200 1353 328 1389 orbem
345 1353 635 1393 recurrentium»
659 1366 731 1402 qua
748 1353 794 1391 de
806 1367 845 1392 re
857 1367 891 1390 v.
905 1355 1040 1392 Dionis
1053 1356 1256 1403 Epitomen
1267 1366 1307 1391 et
1318 1355 1399 1392 Ael.
1413 1355 1575 1401 Lampr.‚

62 1402 129 1450 qui
148 1400 327 1439 menfium
343 1402 497 1439 nomina
516 1402 725 1440 recensent.
748 1404 839 1452 Sylb.
877 1404 1022 1451 Lampr.
1048 1418 1102 1441 11.
1120 1404 1247 1453 menses
1267 1416 1420 1452 quoque
1447 1404 1487 1438 in
1506 1402 1577 1438 ho-

60 1463 195 1487 norem
228 1452 303 1487 tius
325 1456 401 1499 'pro
427 1451 584 1502 Augusto
614 1453 887 1495 Commodum,
919 1463 986 1502 pro
1018 1454 1228 1501 Septembri
1258 1454 1463 1493 Herculem,
1502 1463 1573 1498 pro

60 1500 209 1538 ot-Zobri
226 1500 429 1542 lnviRum,
452 1511 519 1549 pro
539 1502 745 1550 Novembri
765 1504 796 1539 E
800 1505 1086 1551 xuperatorium,
1123 1516 1189 1550 pro
1211 1502 1396 1540 Decembri
1412 1503 1577 1538 Amazo-

57 1550 164 1586 nium
177 1576 188 1592 ,
212 1562 258 1585 ex
273 1549 376 1597 ligno
398 1552 502 1600 ipsius
519 1550 729 1588 adulatores
747 1553 933 1589 vocabant.
983 1553 1095 1600 Xiph.
1113 1554 1164 1590 ita
1182 1563 1375 1593 numerat,
1403 1553 1574 1588 Amazo-

57 1598 187 1640 nium,
213 1600 419 1641 Invifkum,
445 1601 629 1642 Felicem,
656 1601 783 1642 Pium,
810 1602 990 1644 Lucium,
1017 1600 1189 1644 Aelium,
1214 1601 1431 1643 Aurelium,
1458 1601 1576 1636 Com-

59 1648 234 1689 modum,
263 1649 486 1697 Augustum,
513 1650 738 1690 Herculem,
765 1650 995 1692 Romanum,
1025 1652 1280 1696 Super-antem.
1330 1651 1457 1695 Atque
1476 1649 1574 1685 hanc

57 1696 381 1734 enumerationem
399 1710 522 1733 veram
548 1698 675 1735 censet
695 1698 752 1734 Cl.
773 1699 882 1736 Salm.
903 1699 941 1736 in
952 1701 1000 1737 N.
1021 1699 1067 1735 ad
1080 1700 1226 1747 Lampr.
1241 1725 1253 1741 ,
1276 1710 1388 1745 quem
1401 1711 1443 1736 ex
1455 1697 1572 1745 Xiph.

58 1746 237 1795 corrigit,
279 1757 321 1782 ut
344 1744 452 1781 series
477 1746 527 1783 ita
554 1745 617 1782 fibi
647 1747 807 1783 invicem
834 1748 1075 1795 respondeat,
1110 1744 1327 1794 Ἀρωζίνισς,
1366 1747 1572 1788 Ianuarius,

56 1793 243 1837 Ἀϊῖκῆτΰςι
266 1795 385 1835 Febr„
410 1794 580 1839 Εὖτνκῆς»
598 1796 720 1836 Mart„
744 1796 906 1841 Edeessn'c·
924 1800 1028 1846 Apr.,
1042 1794 1193 1840 Λοῦκιος,
1208 1796 1310 1835 Mai..
1330 1797 1452 1838 Αἴλιος,
1472 1797 1570 1837 lun-0

55 1841 232 1889 Αὐρήλιος.
253 1843 339 1884 lul..
361 1839 540 1888 Κόμμοδος,
568 1847 676 1893 Aug...
702 1842 883 1889 Αὸγςυςσς,
904 1848 1017 1894 Sept„
1036 1845 1245 1892 Ἡράκλειος,
1274 1845 1371 1888 Ost„
1398 1845 1570 1890 Ῥωμαῖος.

55 1895 174 1934 Νον.,
192 1891 401 1938 ’τπερκίςωη
424 1895 512 1928 Dec.
541 1893 659 1930 Etiam
670 1893 734 1930 sub
745 1895 896 1931 Nerone
908 1896 1017 1932 huius
1027 1895 1190 1932 insaniae
1199 1895 1363 1942 exempla
1378 1895 1570 1931 habemus.

54 1945 129 1990 Ap.
148 1943 237 1977 Tac.
263 1946 317 1984 16,
342 1953 395 1976 ιε.
417 1941 538 1978 studio
559 1942 792 1979 adulantium
811 1942 1020 1982 senatorum
1039 1944 1182 1990 menfis,
1207 1943 1272 1992 qui
1293 1945 1455 1992 Aprilem
1476 1948 1570 1981 eun⁴

55 1991 142 2028 dem
159 2004 223 2040 que
246 1992 467 2028 Neroneum
481 1991 715 2040 sequebatur,
746 1991 867 2029 Maius
888 1994 1052 2034 Claudii,
1078 1993 1209 2032 lunius
1229 1993 1434 2030 Germanici
1454 2003 1569 2037 voca-

53 2040 151 2078 bulis
168 2049 370 2076 mutantur.
418 2040 465 2077 Et
487 2040 752 2082 Domitianus,
772 2042 846 2091 post
866 2044 950 2078 duos
965 2044 1184 2091 triumphos,
1221 2042 1425 2079 Germanici
1442 2053 1568 2090 cogno-

51 2090 149 2127 mine
168 2086 334 2137 affimto,
368 2088 627 2136 Septembrem
653 2089 797 2139 mensem
826 2103 865 2129 et
885 2091 1086 2129 Ostobrem
1109 2105 1154 2129 ex
1172 2092 1464 2141 appellationibus
1486 2088 1566 2139 suit

54 2138 325 2176 Germanicum
343 2139 584 2175 Domitianum
603 2151 675 2186 que
695 2141 1002 2178 trans-nominavit
1015 2165 1027 2182 ,
1057 2143 1151 2189 quod
1164 2143 1278 2178 altero
1289 2139 1480 2190 suscepg‘ffet
1497 2140 1568 2175 im·
1584 2151 1588 2154 ·

47 2188 212 2238 perium,
243 2188 359 2222 altero
378 2197 484 2224 natus
499 2187 598 2238 fft,
624 2189 729 2226 Suet.
748 2190 861 2226 Dom.
875 2200 931 2236 13.
979 2188 1133 2228 Scilicet
1143 2203 1243 2228 tanta
1257 2188 1332 2226 fuit
1352 2191 1482 2226 horum
1493 2188 1567 2224 ho·

50 2235 199 2274 minum
225 2234 402 2279 ambitio,
436 2247 480 2273 ut
505 2249 688 2284 cuperent
712 2238 828 2274 omnia
851 2251 943 2275 nova
963 2251 1002 2276 et
1021 2239 1140 2288 desua
1165 2241 1303 2275 nomine
1322 2239 1419 2274 difla
1434 2264 1444 2280 ‚
1481 2248 1565 2275 tan-

50 2298 157 2335 quam
164 2285 208 2331 ſs
219 2294 409 2334 propterea
427 2287 673 2334 Principatum
690 2287 893 2336 accepiffint
904 2314 914 2329 ,
944 2299 986 2324 ut
1003 2300 1132 2325 novam
1148 2290 1251 2324 rehu:
1264 2287 1402 2335 faciem
1423 2288 1564 2323 induce-

49 2345 148 2374 rent.
200 2335 319 2377 Vide,
352 2346 447 2380 quae
466 2335 634 2381 Procopii
658 2347 782 2373 arcana
804 2335 885 2373 hist.
903 2349 1014 2384 p.49.
1033 2337 1080 2374 de
1107 2338 1245 2375 talibus
1267 2336 1461 2384 propolitis
1487 2347 1564 2374 tra-

47 2383 129 2425 dit,
163 2395 202 2420 et
220 2384 305 2420 Nic.
325 2385 555 2422 Alemannus
573 2383 732 2432 explicat
753 2386 794 2423 in
813 2385 860 2423 N.
883 2399 918 2434 p.
935 2385 1074 2423 eadem.
1098 2386 1209 2424 Boecl.
1261 2389 1430 2432 Qorum
1450 2384 1562 2423 series

48 2433 103 2470 ita
118 2432 155 2470 se
178 2434 310 2475 habet,
335 2430 554 2480 Ἀμαζᾶνιος,
583 2434 796 2477 Ianuarius,
832 2446 872 2472 et
899 2434 946 2471 fic
964 2435 1155 2484 deinceps.
1215 2438 1438 2484 Qianquam
1459 2434 1561 2472 ordi-

46 2495 136 2520 nem
166 2483 266 2520 hunc
290 2481 515 2518 interturbat
539 2482 797 2527 casaubonus,
829 2495 868 2520 et
888 2484 1207 2522 Commodianum
1236 2495 1374 2521 annum
1396 2496 1415 2519 a
1433 2483 1557 2532 ptimo

44 2530 315 2588 praenomine,
346 2530 463 2568 Lucio
483 2529 550 2574 sc..
580 2530 756 2579 auspicari
778 2533 987 2570 contendit.
1039 2533 1158 2570 Dioni
1184 2545 1225 2571 et
1243 2534 1408 2570 Zonarae
1431 2533 1557 2569 secum

43 2593 88 2618 m
112 2581 184 2617 hoc
207 2582 351 2617 calculo
372 2579 487 2629 magis
506 2580 699 2617 convenit.
724 2583 842 2620 Oxon.
890 2582 966 2619 Hic
978 2582 1216 2620 Herodianus
1234 2581 1332 2620 testis
1351 2581 1415 2624 est,
1441 2583 1557 2619 Com-

43 2629 203 2667 modum
216 2628 392 2666 menfium
403 2628 556 2666 nomina
569 2629 733 2673 mutass'e,
758 2643 800 2667 ac
816 2643 884 2679 pro
894 2630 1043 2669 vetustis
1054 2630 1366 2680 appellationibus
1380 2643 1494 2668 novas
1506 2632 1556 2667 de

44 2677 122 2717 suis
140 2679 432 2728 cognominibus
452 2678 674 2726 imposuisse.
723 2680 921 2717 l'anziroll.
933 2679 1044 2719 Thes.
1059 2681 1146 2717 Var.
1167 2680 1410 2728 [ultan-sq.
1435 2681 1555 2717 Leisn.

146 2730 208 2767 Ad
227 2729 370 2777 Lampr.
389 2741 426 2778 p.
439 2739 513 2774 505.
536 2728 614 2766 Cas.
626 2728 676 2778 Ν.
699 2727 908 2771 „mennam
920 2729 1090 2783 omnium
1107 2729 1212 2769 fuiffe
1229 2739 1370 2770 mutata
1386 2730 1555 2773 nomina,
