1798 3137
202 148 306 182 xv1
746 135 1183 183 PRAJEFATIO.

203 243 477 292 coniessuras
505 243 714 307 quasdam
743 244 796 291 ad
815 247 1138 305 Berglerianam
1167 243 1446 304 versionem,
1481 247 1714 297 debuimus

201 312 388 361 subinde
416 310 495 377 ipfi
520 311 712 359 divinare
740 330 791 358 ac
809 316 1027 376 reperire,
1058 313 1163 377 quid
1191 315 1263 360 ille
1286 315 1562 371 emendaret;
1604 317 1713 365 sicut

203 392 251 427 et
272 383 316 426 in
338 379 597 443 quibusdam
617 381 747 434 locis,
783 379 858 426 ubi
879 380 1010 427 scriba
1029 381 1222 442 Bergleri
1244 384 1344 446 (qui
1364 384 1454 445 ipse
1480 384 1616 431 modo
1635 387 1708 432 ali-

200 460 314 510 quot
333 450 515 512 paginas
536 465 672 494 manu
690 447 915 510 scripserat
934 450 1028 508 sua)
1060 447 1265 495 omififfet
1293 449 1527 510 quaedam,
1569 451 1710 499 coaffl

197 516 345 563 sumus
367 516 545 579 explere
564 515 739 562 lacunas
760 515 830 559 vel
853 532 876 559 e
899 515 1134 570 Politiano,
1179 518 1249 562 vel
1278 534 1358 580 per
1385 515 1709 580 interpretatio-

195 599 301 630 nem
323 581 525 631 nostram,
601 581 686 627 Sed
721 581 775 626 de
803 581 884 626 hac
903 583 1097 643 Bergleri
1116 582 1348 638 vernone,
1388 583 1487 648 post
1507 589 1706 633 Leisneri

194 651 411 715 quaedam
433 653 480 696 in
501 653 850 710 Programmate,
883 659 1033 696 tamen
1055 650 1328 714 spicilegium
1346 651 1474 699 nobis
1494 650 1701 700 relictum

193 720 295 774 erit,
335 717 436 776 alibi
461 714 793 781 proferendum.
839 726 847 737 '

329 788 386 831 Et
423 786 506 830 hae
536 782 714 846 quidem
743 787 896 829 Notae
924 783 1003 829 sub
1033 794 1157 830 textu
1191 787 1365 832 Graeco
1403 797 1449 833 et
1475 789 1700 833 Varietate

188 849 416 901 Leffionis
434 861 685 914 ponuntur,
715 849 846 915 super
868 851 1026 914 quibus
1048 851 1284 903 iudicamus
1306 852 1483 914 quidem
1504 853 1633 901 simul
1651 857 1699 900 in

188 918 348 968 nostris
370 921 506 965 Notis
526 921 741 979 ingenue,
773 928 816 964 at
831 954 841 972 ‚
874 936 961 981 qua
979 936 1059 982 par
1077 916 1138 964 est
1158 917 1365 965 modestia
1388 931 1519 983 atque
1547 922 1699 968 lenita-

187 999 259 1044 te,
292 998 465 1033 remota
485 988 608 1032 omni
626 984 860 1032 acerbitate
881 996 927 1031 et
945 986 1293 1043 inhumanitate3
1328 1004 1416 1050 quo
1439 987 1530 1052 ipso
1553 1005 1698 1034 exem-

187 1057 315 1121 plum
340 1052 553 1119 praebere
571 1054 792 1100 voluimus
820 1053 1076 1107 iuvenibus,
1106 1071 1185 1110 ne,
1220 1054 1390 1117 abrepti
1418 1054 1699 1117 quorundam

187 1125 445 1170 criticorum
476 1123 536 1167 ira
569 1120 772 1185 aestuque
799 1119 852 1165 ad
875 1121 1030 1167 iudicia
1062 1120 1115 1166 de
1144 1123 1368 1168 sententiis
1399 1123 1585 1167 aliorum
1614 1123 1695 1168 ini-

186 1194 343 1255 quiora
363 1206 413 1235 ac
435 1188 627 1244 duriora,
667 1186 784 1252 apud
804 1189 922 1234 viros
942 1187 1174 1243 honestos,
1214 1188 1457 1252 prudentes
1484 1190 1694 1252 lenesque

185 1260 465 1305 incurrerent
482 1258 527 1301 in
549 1255 656 1303 iusta
675 1254 794 1311 odia,
829 1255 992 1302 famam
1011 1258 1362 1321 opinionemque
1383 1257 1438 1303 de
1458 1257 1500 1303 se
1518 1257 1692 1313 malam,

187 1337 234 1373 et
258 1326 417 1371 damna
437 1324 641 1370 fortunae
661 1324 849 1370 futurae.

322 1396 462 1439 Erunt
482 1393 613 1438 etiam
633 1393 678 1438 in
689 1394 826 1438 Notis
848 1389 1004 1437 nostris
1026 1390 1292 1456 interposita,
1320 1407 1433 1454 quae
1453 1390 1583 1454 super
1602 1407 1695 1437 cer-

184 1460 242 1509 tis
262 1460 484 1523 scriptoris
505 1458 640 1506 nostri
664 1459 773 1506 locis
790 1457 974 1506 collesta
1001 1458 1212 1506 miserunt
1237 1461 1318 1505 viri
1348 1459 1577 1515 nonnulli,
1622 1459 1695 1505 vel

184 1529 240 1577 ad
261 1527 600 1583 emendandum,
633 1527 704 1573 vel
717 1524 770 1573 ad
788 1526 1127 1586 intelligendum
1151 1525 1565 1590 illustrandumque3
1601 1544 1692 1590 quo

185 1598 370 1644 nomine
392 1597 464 1641 hic
485 1595 712 1642 laudamus
741 1592 1099 1642 benevolentiam
1119 1597 1263 1648 Mori,
1310 1595 1543 1655 Theologi
1574 1592 1694 1657 apud

183 1662 425 1729 Lipfienses
447 1664 632 1723 egregii,
667 1662 922 1726 ibidemque
941 1661 1114 1718 Beekii,
1146 1664 1241 1710 Viri
1262 1661 1508 1714 Clariffimi‚
1552 1678 1692 1724 quem

182 1732 317 1797 paulo
347 1729 445 1795 post
471 1732 752 1777 nominamus
784 1728 1006 1794 pluribuS‚
1049 1733 1158 1777 item
1184 1731 1358 1786 Zanetti
1393 1727 1608 1792 quaedam
1645 1738 1693 1774 et

183 1801 342 1862 Kappii
362 1803 414 1844 V.
437 1799 500 1845 Cl.
514 1835 524 1853 ‚
563 1798 673 1844 olim
693 1800 736 1844 in
750 1795 993 1861 Gymnafio
1006 1800 1177 1852 Curiae,
1212 1814 1333 1844 nunc
1352 1797 1532 1844 Baruthi
1553 1795 1690 1841 sacras

181 1868 480 1932 profanasque
508 1867 672 1912 litteras
705 1882 807 1912 cum
842 1864 968 1912 laude
995 1865 1167 1913 summa
1194 1863 1469 1928 profitentis,
1508 1865 1584 1926 qui
1610 1879 1692 1927 per

181 1939 400 1999 Excerpta
421 1951 446 1979 e
465 1933 671 1981 Bocharti
691 1934 973 1980 Hierozoico
995 1934 1179 1998 aliisque
1205 1932 1326 1980 libris
1347 1931 1463 1978 bene
1482 1929 1537 1976 de
1559 1929 1691 1978 nobis

178 2005 346 2050 meruit
364 2018 449 2047 nec
467 1999 556 2048 sine
579 2003 728 2061 gratia.

317 2070 401 2116 Sed
421 2070 531 2116 aliae
552 2072 704 2115 Notae
723 2068 965 2132 sequentur
986 2068 1093 2114 olim
1115 2062 1215 2132 post
1231 2077 1423 2121 textum,
1447 2080 1532 2110 nec
1548 2063 1689 2111 modo

179 2138 278 2186 illae
302 2138 432 2183 Voeti
460 2138 506 2183 in
532 2136 696 2184 librum
717 2135 965 2183 Herodiani
982 2139 1200 2198 primum,
1234 2151 1347 2198 quae
1369 2143 1414 2179 et
1439 2132 1608 2180 dudum
1628 2133 1688 2179 se·

179 2207 367 2272 paratim
387 2203 649 2266 prodierunt
665 2204 808 2251 forma
831 2203 1113 2260 duodecima,
1148 2219 1303 2248 verum
1324 2204 1455 2248 etiarn
1474 2201 1591 2258 aliae,
1625 2210 1690 2258 ut,

179 2291 289 2337 quas
318 2271 540 2318 benevole
569 2270 684 2318 milit
710 2269 1085 2326 Mell'erschmidt‚
1122 2275 1174 2317 V.
1197 2271 1286 2325 CL,
1327 2267 1490 2315 Refi‘tor
1514 2270 1690 2316 scholae

177 2337 529 2400 Vitebergenlis‚
564 2339 808 2385 litteratura
827 2339 1024 2386 universa
1044 2355 1257 2402 perquam
1283 2336 1553 2384 nobilitatus.

319 2407 457 2463 Quod
473 2408 518 2452 in
538 2405 653 2452 aliud
673 2417 854 2470 tempus
879 2417 924 2452 et
939 2410 1142 2453 Tomum
1162 2406 1370 2452 ultimum
1401 2403 1561 2452 differo
1587 2421 1688 2452 cen·

179 2476 277 2524 sum
298 2475 601 2537 iudiciumque
623 2473 872 2521 editionum
899 2485 943 2520 et
963 2472 1203 2521 Codicum:
1245 2489 1338 2519 non
1365 2471 1409 2518 id
1438 2471 1489 2518 fit
1516 2484 1687 2520 temere

177 2555 254 2592 aut
274 2547 422 2607 pigre,
464 2554 538 2588 aut
564 2541 654 2588 fine
683 2543 912 2606 exemplo,
953 2540 1027 2588 sed
1050 2540 1227 2587 duabus
1255 2542 1440 2587 maxime
1461 2539 1516 2586 de
1543 2541 1686 2596 causis,

174 2614 347 2677 primo,
384 2621 436 2656 ut
455 2612 641 2666 interea,
685 2608 790 2655 dum
821 2609 971 2656 finitur
993 2620 1137 2656 totum
1162 2626 1297 2672 opus,
1339 2610 1572 2672 impetrem
1598 2610 1685 2656 edi-

176 2682 347 2738 tiones,
378 2677 533 2743 quibus
558 2678 702 2728 adhuc
722 2694 874 2741 careo,
920 2681 965 2741 ι)
987 2679 1212 2726 Iuntinam
1231 2676 1408 2743 quidem
1426 2679 1530 2726 anni
1547 2692 1687 2739 1517,
