1772 3158
110 103 335 150 LIBERI.
368 101 611 148 CARXV.
657 102 712 147 A.
735 101 791 146 v.
814 98 865 144 c.
891 103 1014 154 945·
1053 87 1271 144 CHR.'N.
1298 107 1416 153 192.
1459 95 1557 153 665

57 227 162 283 εἶδεν
215 233 234 281 ὁ
277 228 414 298 δῆμος
466 230 660 296 θέαμα,
723 225 796 277 τὸν
831 214 1076 281 pugnabat:
1107 225 1213 261 tunc
1234 214 1350 261 triste
1369 214 1566 280 viditpo·

93 325 103 339 ‚
183 326 206 336 Ν
286 322 328 348 xd
347 323 387 373 «Ρ
500 324 558 369 [ων
581 317 782 369 Οασιλέω
830 291 961 356 pulus
974 287 1424 356 speflaculumzillum
1437 307 1570 352 gene-

57 345 206 431 ευγεῗη
228 346 298 386 κοᾳ
312 417 335 427 Ν
389 343 504 428 ωμὶιι
579 351 610 381 ‘⁴
761 360 793 422 ,'
829 366 975 413 rosum
999 377 1043 412 et
1063 368 1366 411 Romanorum
1388 368 1573 430 impera-

59 437 175 480 μετα
190 435 399 465 τοσαυτα
409 434 605 483 ‘semma
624 431 795 480 πατξος
831 452 986 497 torem,
1007 439 1104 506 post
1114 450 1250 487 tantas
1263 437 1465 487 vfflorias
1491 458 1571 505 pa..

59 529 108 558 ΤΞ
154 503 225 570 Mi
276 503 518 576 wgoycivoev,
550 508 564 514 χ
588 505 666 552 Οὐκ
724 502 796 551 ἐπ’*
831 519 968 565 tentis
997 528 1040 563 et
1069 517 1314 573 maiorum,
1361 533 1455 564 non
1490 516 1570 563 ad-

150 643 190 689 d)
214 642 277 676 Ms.
303 644 359 677 Ba.
378 646 431 676 τὶν
448 645 550 681 εὖγινῖὶ
566 645 636 682 ἑωμ..
660 651 695 674 v.
714 640 763 674 N.

110 752 206 800 τότε)
231 756 301 792 Ms.
319 767 376 792 res
397 755 513 802 prima
542 754 583 791 in
607 753 711 791 subst.
741 750 830 796 ἥλιος
849 752 954 791 duE’ca
978 751 1095 791 fuerit
1116 753 1240 790 eloco
1263 751 1368 790 simili
1392 764 1424 794 1,
1447 764 1479 797 5,
1501 761 1572 797 150,

61 805 180 841 aliena
198 804 259 841 hic
275 806 317 841 in
337 805 550 841 narratione
565 803 701 852 fimph,
727 816 809 840 cum
831 803 882 840 ibi
903 803 994 840 reela
1016 802 1080 845 fit,
1107 803 1146 839 in
1166 803 1336 839 oratione
1356 815 1435 838 non
1449 802 1575 839 tenuis

63 854 233 902 generis,
269 854 331 891 sed
359 852 607 894 sublimioris,
645 854 748 900 quod
775 852 920 901 surgere
951 853 1069 899 potest
1103 853 1146 889 ad
1177 851 1334 888 formam
1372 852 1574 899 poeticam,

63 904 181 951 qualis
192 903 290 939 estin
302 903 364 940 illa
378 902 513 950 phrafi3
542 913 684 950 praeter
697 903 786 938 Mss.
808 903 872 937 rel.
886 927 896 942 ,
924 902 1083 938 etiarnP.
1105 899 1271 937 servante
1290 901 1412 948 vulg,
1440 899 1502 948 qui
1516 912 1572 936 m-

64 965 151 989 men
173 953 213 988 in
231 951 387 989 secunda
407 965 445 988 re
462 953 535 988 Ms-
555 951 764 987 consentiat
786 964 848 998 per
866 951 955 986 haec
982 960 1084 990 „tum
1102 963 1190 987 vero
1210 949 1311 999 trzste
1330 952 1434 986 Rom.
1457 962 1577 997 popu-

63 1001 102 1037 lo
114 1000 349 1051 spet‘Zaculum
367 1000 403 1036 id
423 1002 533 1050 thum
547 1027 556 1043 ,
585 1001 846 1037 nobilissimum
865 1001 1143 1047 imperatorem“
1171 998 1234 1035 ubi
1256 1010 1445 1045 comparet
1466 1011 1578 1045 pron.

64 1052 189 1091 τοῦτο,
227 1051 286 1086 sed
313 1062 351 1086 et
379 1049 460 1086 adv.
492 1063 600 1092 ver0;
647 1062 741 1098 quae
759 1048 894 1085 ducant
915 1049 959 1085 ad
978 1049 1058 1084 lect.
1079 1049 1193 1089 hanc,
1225 1045 1307 1085 τότε
1336 1051 1370 1084 ἑὲ
1388 1047 1428 1084 τδ
1451 1063 1506 1085 cu.
1527 1060 1578 1089 A..

66 1099 131 1136 ubi
152 1103 187 1137 δὲ
209 1099 246 1136 in
269 1098 441 1145 apodosi,
468 1110 510 1135 ut
527 1099 638 1140 alibi,
664 1111 702 1134 et
721 1097 758 1136 τὸ
782 1111 850 1145 pro
871 1101 972 1135 τοῦτο
986 1120 996 1136 ,
1019 1098 1120 1145 quod
1141 1096 1259 1143 ipsum
1277 1097 1425 1132 fluxerit
1447 1110 1489 1133 ex
1510 1096 1578 1132 illo

65 1149 108 1185 τὸ
128 1161 191 1195 per
213 1148 359 1197 gloss‘am
373 1173 382 1187 ,
415 1147 438 1183 fi
460 1149 498 1183 in
518 1149 591 1184 Ms.
613 1148 737 1194 aliquo
749 1146 905 1183 divisum
927 1143 1058 1183 eratro'
1069 1164 1107 1184 τε
1121 1171 1131 1187 ‚
1158 1157 1202 1182 ut
1220 1146 1259 1180 in
1276 1146 1333 1182 ed.
1349 1146 1424 1181 Pat.
1438 1171 1448 1188 ,
1472 1144 1578 1191 quod

65 1203 105 1234 τέ
126 1197 264 1234 deinde
288 1196 422 1243 aliquis
451 1197 670 1238 removerit,
707 1207 750 1232 ur
777 1196 837 1231 hic
862 1195 1167 1235 incommodum,
1205 1206 1335 1231 contra
1364 1194 1457 1230 alius
1480 1195 1522 1229 in
1540 1198 1577 1232 δὲ

68 1248 238 1288 mutarit,
270 1257 309 1281 et
326 1245 416 1287 alius
435 1247 572 1282 rursum
592 1245 698 1281 fimul
721 1243 765 1280 ad
781 1240 864 1281 τότε
885 1243 1090 1284 addiderim
1126 1255 1337 1292 quanquam
1360 1254 1397 1278 et
1424 1244 1467 1278 ab
1489 1241 1580 1278 ulti-

67 1308 126 1332 ma
147 1295 225 1332 eius
242 1311 280 1331 τε
298 1293 430 1342 syllaba
453 1294 491 1330 id
514 1299 548 1332 δέ
570 1294 771 1334 exciderim
810 1293 902 1330 fleur
922 1295 992 1329 MS·
1012 1309 1154 1330 τουτο-το
1175 1293 1215 1329 in
1236 1293 1302 1328 isso
1323 1295 1481 1329 τοτεδετο
1505 1304 1583 1328 ma.

66 1344 287 1381 iuscularum
308 1344 514 1380 litterarum
534 1344 649 1380 latere
671 1343 810 1388 potest,
835 1355 898 1390 per
912 1341 1041 1379 seriem
1055 1342 1231 1379 vetustam
1244 1341 1289 1377 fic
1299 1341 1444 1387 scriptis
1457 1340 1583 1377 omni-

68 1395 157 1435 bus,
193 1404 230 1428 at
252 1394 288 1431 P.
309 1393 423 1428 libere
442 1392 576 1430 iterum
599 1392 725 1440 egisse3
762 1394 995 1439 procedente
1015 1391 1095 1428 lest.
1118 1391 1215 1439 vulg.
1237 1403 1301 1437 per
1320 1390 1377 1432 se,
1412 1402 1491 1427 tum
1513 1401 1582 1437 per

67 1443 158 1479 Mss.
177 1443 244 1478 rel.
269 1441 464 1479 sustentata
485 1453 524 1479 et
542 1441 736 1482 facillima,
765 1455 784 1478 e
799 1453 871 1489 qua
890 1453 947 1488 ap.
962 1443 1041 1487 Stp.
1054 1441 1124 1476 Th.
1141 1440 1249 1480 nihil,
1276 1452 1386 1487 quarn
1408 1439 1480 1475 adi.
1494 1452 1580 1477 curn

68 1493 150 1530 Lat.
173 1493 237 1539 Bg.
260 1504 280 1527 e
301 1491 338 1526 P.
358 1500 405 1527 et.
424 1503 454 1531 1,
482 1504 585 1536 1507t
608 1492 647 1527 E.
661 1504 694 1528 e.
721 1489 762 1527 in
784 1490 888 1528 subst.
915 1489 1031 1526 fimile
1058 1490 1149 1537 quid
1170 1503 1191 1525 e
1212 1491 1304 1526 Xen.
1334 1491 1426 1527 moa
1445 1495 1581 1527 πάντων

69 1540 183 1583 ›ibis-ou
203 1542 377 1583 θεάματος
398 1539 548 1589 igi—§aroc
570 1538 618 1583 εἴ,
651 1551 730 1576 non
748 1538 871 1588 vidisti
893 1552 969 1575 rem
990 1541 1138 1581 omnium
1161 1537 1474 1581 iucundiffimam,
1499 1537 1583 1585 spe÷

68 1590 239 1625 Hae-ulum
251 1587 417 1624 omnium
430 1589 758 1626 iucundiffimum“
786 1589 833 1624 cf.
847 1589 933 1624 Luc.
950 1601 982 1631 2,
998 1601 1078 1633 ¹5⁴·
1109 1589 1130 1624 Ι.
1144 1601 1203 1631 49.
1222 1588 1262 1624 τό
1281 1591 1316 1624 δὲ
1338 1591 1437 1629 μηδὲν
1447 1590 1582 1631 somffr-

69 1640 106 1676 9.
128 1640 226 1677 ἰδεῖν,
253 1636 397 1674 nullum
420 1640 493 1673 tale
509 1638 755 1685 spestaculum
776 1639 922 1678 videre,
955 1650 1064 1684 quam
1091 1636 1289 1673 formulam
1313 1637 1359 1672 G.
1380 1637 1454 1674 Th.
1474 1637 1585 1683 igno-

70 1697 148 1728 rat,
176 1698 254 1721 non
275 1685 364 1722 item
391 1686 463 1722 adi.
488 1699 572 1723 cum
591 1688 657 1724 Gr.
675 1698 737 1726 n...
764 1687 906 1723 deserto
928 1687 963 1722 P.
977 1711 987 1728 ,
1005 1686 1176 1727 ¹faciente
1194 1685 1276 1721 Sch.
1298 1697 1383 1721 curn
1404 1687 1465 1734 ssg.
1489 1698 1526 1720 m
1545 1687 1584 1723 9.

62 1735 118 1785 sp.
141 1745 186 1771 tr.
206 1735 302 1771 vidit
316 1758 326 1776 ,
351 1734 391 1771 in
412 1736 526 1772 verbo
545 1739 606 1774 εῐδ.
628 1747 685 1771 ter
706 1747 785 1772 non
805 1734 968 1771 variante
986 1735 1121 1772 Nostro
1135 1759 1145 1775 ,
1169 1732 1216 1769 cf.
1235 1731 1267 1779 §.
1287 1744 1341 1779 ¹3-
1354 1747 1385 1769 e.
1405 1735 1474 1777 7.i.
1488 1759 1497 1774 ‚
1519 1733 1583 1772 sed

71 1783 207 1833 populi*
223 1783 521 1831 indignationem
542 1786 582 1822 in
605 1784 674 1821 hac
691 1797 730 1820 re
753 1783 935 1830 prodente
954 1784 1083 1820 Dione
1102 1782 1179 1819 Cas.
1202 1795 1234 1829 p.
1252 1793 1353 1817 1220.
1367 1795 1398 1818 e.
1424 1783 1448 1819 s.
1466 1783 1583 1829 Xiph.

73 1842 158 1882 383,
177 1843 254 1880 39„
287 1830 448 1880 denique
473 1832 655 1871 scribente
677 1833 798 1870 Leisn.
826 1833 863 1868 in
886 1834 957 1869 Ox.
978 1831 1084 1880 supra
1103 1835 1138 1870 9.
1166 1831 1279 1872 „dele
1302 1831 1446 1868 coion«
1475 1833 1584 1875 bene,

71 1882 134 1920 sed
155 1892 199 1917 ut
215 1895 281 1929 pro
301 1895 347 1918 eo
374 1892 520 1918 tantum
540 1894 700 1930 ponatur
719 1894 880 1924 comma,
920 1882 1059 1929 quippe
1080 1881 1119 1917 in
1146 1879 1324 1917 continua
1346 1881 1517 1916 oratione
1543 1891 1584 1918 et

73 1929 331 1980 ammistione,
361 1943 423 1977 per
441 1933 521 1968 Lat.
537 1931 670 1980 scilicet
690 1930 891 1979 explenda,
915 1930 977 1968 ubi
999 1933 1069 1968 Ms.
1088 1929 1233 1966 omittit
1254 1930 1330 1971 καλ,
1358 1941 1425 1976 pro
1436 1930 1584 1976 copula,

74 1981 206 2018 iterum
219 2005 230 2022 ‚
264 1979 324 2016 sed
346 1979 406 2015 hic
426 1981 464 2016 in
484 1980 649 2018 formula
668 1980 727 2018 ina
741 2004 753 2022 ‚
787 1992 872 2016 cum
887 1978 991 2016 subst.
1005 1988 1086 2026 βκσ.
1110 1980 1220 2014 habet
1230 1977 1349 2014 secum
1368 1989 1406 2014 et
1420 1978 1490 2014 adi.
1508 1982 1584 2024 εὖγ.

74 2042 112 2066 et
135 2041 218 2078 gen.
240 2028 346 2066 subst.
367 2028 488 2074 Ῥωμ.,
512 2030 577 2077 qui
599 2043 660 2078 par
677 2030 770 2071 adi.,
804 2028 852 2065 cf.
876 2040 907 2071 1,
931 2041 988 2073 14,
1012 2037 1086 2071 16..
1113 2028 1176 2064 ubi
1195 2027 1308 2063 modo
1328 2039 1394 2074 per
1412 2029 1585 2065 variatio·

72 2091 162 2116 nem
183 2078 273 2115 alius
293 2078 407 2120 ordo,
441 2080 481 2115 τὸ
501 2078 668 2124 Ῥωμαίων
685 2077 738 2122 καὶ
758 2083 926 2124 βασίλειαν
943 2087 1080 2122 σχῆμα,
1117 2089 1190 2124 qua
1217 2089 1237 2112 e
1253 2076 1414 2113 leffione
1434 2078 1508 2113 duo
1530 2077 1587 2114 in-

75 2127 298 2176 dignabatur
330 2128 494 2174 popuius
522 2129 648 2168 Rom..
686 2129 883 2174 (sumendo
912 2127 930 2165 ὅ
957 2131 1035 2172 Em.
1068 2126 1189 2171 amplo
1220 2125 1322 2162 sensu
1347 2137 1386 2161 et
1412 2126 1585 2168 honesto,

76 2178 191 2214 etiam
213 2176 259 2212 de
280 2175 530 2220 senatoribus,
557 2177 724 2225 cf.Xiph.
748 2177 786 2213 in
799 2178 847 2214 N.
862 2179 931 2224 pr.)
949 2176 1052 2223 quod
1072 2175 1155 2212 talia
1176 2174 1316 2212 faceret
1335 2187 1415 2211 tum
1435 2174 1490 2211 vir
1509 2186 1587 2212 tam

78 2225 290 2276 generosus,
316 2225 341 2260 i.
355 2226 492 2262 habens
509 2237 652 2274 patrem
664 2239 704 2262 ac
721 2225 1060 2275 proavosillustres,
1084 2224 1164 2271 (qui
1178 2224 1327 2272 utrique
1341 2238 1427 2261 mox
1437 2224 1498 2261 hic
1509 2237 1588 2262 me-

77 2275 304 2320 morantur‚)
325 2273 372 2310 cf.
395 2286 426 2316 1,
445 2287 480 2319 7,
504 2287 535 2320 ς.
551 2289 581 2311 e.
596 2275 696 2325 sqq..
733 2287 813 2312 tum
836 2277 874 2312 in
895 2275 1023 2323 primis
1053 2273 1254 2319 imperator
1276 2274 1485 2315 Romanus,
1521 2273 1588 2322 qui

77 2336 148 2373 pro
169 2323 326 2360 maximo
346 2335 439 2360 tunc
461 2337 502 2360 ac
519 2324 661 2361 summo
681 2325 905 2366 habebatur,
935 2335 1048 2372 atque
1068 2324 1159 2359 adeo
1184 2322 1279 2358 infra
1300 2321 1482 2370 fastigium
1503 2333 1587 2359 tan-

78 2385 159 2411 turn
187 2371 308 2408 delabi
338 2372 531 2410 videbatur
548 2386 587 2411 et
607 2386 723 2424 agere,
757 2373 982 2410 descendens
1004 2373 1048 2408 ad
1068 2384 1124 2407 res
1145 2382 1183 2407 et
1202 2371 1375 2408 homines
1394 2371 1500 2413 viles,
1529 2382 1589 2409 tot

78 2420 246 2470 capitum
266 2432 304 2458 et
324 2433 526 2470 regnorum
542 2423 736 2465 dominus;
773 2424 872 2461 unde
899 2433 938 2460 et
965 2422 1086 2470 postea
1108 2419 1294 2468 profertur
1310 2421 1473 2462 Ῥωμαίων
1490 2419 1589 2467 ἀρχῆ

79 2482 120 2508 et
139 2471 293 2518 ἀξίωμα,
326 2480 369 2506 ut
391 2484 449 2509 res
475 2483 632 2522 utraque
658 2473 818 2513 summa3
859 2483 954 2520 quae
978 2471 1054 2507 duo
1080 2481 1295 2518 argumenta
1325 2469 1508 2506 tristitiam
1532 2473 1589 2507 in-

79 2519 415 2570 dignationemque
441 2521 617 2558 maiorem
648 2534 887 2558 commovere
920 2530 1115 2567 poterant,
1153 2531 1260 2562 quam
1291 2530 1365 2555 una
1394 2518 1509 2555 modo
1531 2531 1589 2557 res

78 2570 154 2608 Ms.
181 2579 221 2605 et
247 2568 376 2610 causa,
421 2572 523 2618 quod
548 2571 633 2607 talia
668 2571 876 2608 institueret
903 2571 1133 2606 Romanorum
1163 2568 1363 2615 imperator
1383 2568 1589 2617 generosus,

80 2630 246 2668 quocum
269 2630 394 2655 tamen
410 2630 451 2656 et
469 2619 511 2656 Ρ.
527 2617 635 2663 facit,
661 2620 786 2656 inillis
802 2620 907 2666 supra
927 2617 1075 2666 nobilq‘ffi
1094 2618 1216 2665 imper.
1229 2642 1240 2657 2
1270 2628 1416 2664 praeter
1435 2619 1590 2666 gradum

80 2667 151 2704 adi.
171 2667 364 2710 altiorem,
389 2668 570 2705 omittant
592 2681 673 2718 gen.
692 2668 786 2714 Ῥωμ.
802 2694 812 2712 ,
838 2681 931 2715 puto
946 2695 956 2711 ,
985 2667 1090 2716 quod
1111 2677 1197 2702 ante
1218 2667 1288 2702 iam
1309 2665 1349 2702 in
1371 2666 1390 2703 ὅ
1410 2670 1508 2710 δῆμος
1527 2667 1592 2703 de·

81 2715 138 2755 dit
152 2718 339 2759 „Romano
349 2719 524 2767 populo«
553 2730 646 2767 quac
664 2719 811 2756 libertas
821 2717 1123 2768 suspessumeum
1136 2715 1286 2758 reddam
1311 2714 1403 2753 ficut
1415 2714 1454 2753 in
1466 2716 1591 2754 nostro
