1798 3163
133 183 310 233 LIBER
328 183 357 227 1.
401 179 597 227 CARV.
632 181 685 224 A.
704 181 758 225 v.
777 180 825 225 e.
846 192 956 239 933.
1001 179 1138 225 CHR.
1165 179 1228 226 N.
1253 170 1355 232 180.
1453 184 1542 237 163

42 296 284 365 „oivoewrolc
296 340 307 360 ‚
350 292 520 352 ὅποιὸὂς
541 308 564 343 Ρ
596 291 675 352 ἤδη
701 295 778 344 καὶ
810 295 969 356 veffus,
1005 295 1175 364 consors
1195 297 1280 346 iam
1292 306 1332 347 et
1344 298 1550 369 conseffor

43 373 272 446 »σύνεὸςός
286 377 348 426 {cra
360 374 488 423 θεῶν·
521 371 617 437 ἡμῖν
631 365 681 421 δὲ
692 368 776 439 xpi
822 391 838 420 1
854 381 898 426 8.
912 371 968 440 est
978 371 1149 422 deorum
1157 393 1174 421 .·
1184 390 1260 422 nos
1267 383 1404 424 autem
1415 394 1549 442 opor-

19 496 29 499 ,
40 452 215 521 υμέλειν
235 451 315 499 τῶν
336 452 375 499 ἐν
397 445 669 517 ἀνθρώποις,
692 447 778 515 ,καὶ
813 457 871 498 tet
893 465 1039 498 curare
1059 448 1258 515 humana,
1288 457 1327 498 et
1347 468 1412 500 res
1433 452 1549 502 orbis

133 586 168 623 p)
196 584 244 617 ὅτ.
266 590 325 623 per
343 578 489 621 asperum
507 579 550 610 A.
571 577 605 610 B.
626 577 697 609 Par.
717 585 748 610 1.
769 555 914 612 et'Pat„
939 586 972 608 v.
989 576 1038 610 N.

961 641 979 684 Χ

43 708 112 744 per
130 692 213 741 pass‘.
234 689 356 728 reddit
377 692 439 739 Bg.
461 702 483 726 e
502 690 561 731 P„
586 688 647 725 sed
668 687 767 726 forte
788 689 900 726 etiam
914 715 925 731 ‚
961 700 1007 725 ut
1029 699 1178 738 tempus
1198 700 1352 738 praeter.
1382 689 1543 739 affequa-

42 755 126 785 tur,
153 741 264 790 quale
280 739 319 776 in
339 739 507 788 particip.
528 751 606 774 non
626 739 737 774 habet
756 751 789 774 v.
810 739 974 776 severum
991 740 1151 781 εὒοίανες
1182 739 1282 776 unde
1301 740 1547 783 resolvitSch.

43 794 86 831 in
104 796 204 838 „ca-39.
226 801 342 838 quum
362 790 402 825 in
419 788 565 824 coelum
585 787 770 836 evolaffe‘t,
804 788 882 835 (sed
908 788 946 824 in
967 792 1017 830 v.)
1046 793 1232 833 ἃνίπτκμα4
1251 809 1291 817 ·-
1315 789 1449 837 sursum
1478 804 1549 826 vo-

43 843 148 883 lans,
180 840 318 881 eve-&us
350 851 414 885 per
442 849 602 873 mortem
628 839 666 873 in
691 841 800 874 coel.“
836 837 877 873 in
907 837 1072 874 themate
1094 839 1231 874 faciens
1252 851 1337 875 curn
1357 840 1435 885 Stp.
1458 841 1548 883 Th..

45 891 109 928 ubi
137 901 262 925 tamen
283 899 322 924 et
340 893 502 926 ἂναπτάω
525 897 563 922 et
584 891 774 929 ἀνάπτημι,
795 886 895 923 forte
913 885 1060 927 restim,
1086 885 1150 922 etfi
1171 900 1323 935 quoque
1337 889 1375 924 L.
1390 890 1475 925 Em.
1493 902 1551 926 re..

44 940 143 988 petit
170 943 380 981 „baulai-raum
400 947 438 972 et
456 940 646 980 ἀνάπτημι,
672 935 812 972 sursum
830 938 931 972 volo⁸‘
959 936 1051 970 hanc
1069 935 1142 971 vim
1165 936 1549 984 pr.&v&sequentib11s

44 988 157 1025 etiam
179 989 215 1023 P.
240 997 278 1022 et
295 988 382 1034 Rg„
411 985 457 1021 cf.
483 985 524 1022 Z.
544 985 588 1020 ad
609 985 691 1032 Vig.
710 997 745 1031 p.
760 996 837 1031 559.
858 998 889 1021 a.
909 998 957 1020 m.
983 986 1048 1020 Nr.
1069 998 1118 1023 1.,
1153 985 1214 1020 sed
1235 986 1284 1021 G.
1308 986 1382 1021 Th.
1414 986 1454 1022 in
1480 990 1548 1036 Eg.

45 1048 203 1076 tenente
222 1037 336 1071 modo
357 1033 556 1076 refflonem
580 1033 744 1075 „sursum
768 1034 923 1074 vehere,
942 1054 978 1061 -
1004 1033 1042 1068 in
1059 1033 1325 1070 altitudinem‘·
1351 1033 1392 1070 it.
1414 1036 1450 1070 in
1464 1036 1552 1084 sub-

45 1087 117 1124 vol.
138 1098 176 1122 ct
193 1085 303 1125 ενοι,
343 1085 404 1120 ubi
425 1094 547 1120 tamen
568 1082 613 1118 de
633 1081 765 1118 animis
787 1094 827 1118 et
847 1081 1015 1118 manibus
1035 1080 1112 1118 Cic.
1133 1085 1263 1119 Somn.
1284 1096 1315 1119 c.
1330 1094 1363 1129 3.
1379 1084 1401 1120 i.
1421 1086 1483 1132 qui
1502 1098 1549 1123 ex

2 1163 4 1169 .
45 1147 228 1184 corporum
238 1131 398 1177 vinculis
415 1133 622 1172 evolarunt,
647 1143 686 1167 et
698 1132 808 1168 Tusc.
823 1134 897 1178 Q.
923 1144 952 1170 ι,
976 1143 1030 1174 17.
1043 1144 1074 1166 e.
1086 1131 1125 1167 in
1145 1132 1315 1182 coelssem
1333 1133 1459 1169 locum
1461 1132 1550 1182 sub·

44 1187 188 1225 volare,
222 1193 264 1219 ut
284 1183 323 1218 Ρ.
349 1179 465 1217 fimile
494 1179 620 1218 Claud.
653 1182 718 1226 Ep.
749 1183 870 1217 Carm.
893 1179 1014 1217 pasch.
1047 1192 1080 1215 v.
1107 1189 1161 1220 18.
1194 1180 1240 1217 de
1259 1182 1425 1225 Christo,
1467 1196 1550 1220 mox

44 1232 223 1272 aetherias
241 1231 378 1267 evec‘lus
397 1230 438 1266 in
456 1241 584 1271 auras;
621 1229 842 1266 nostratibus
861 1229 923 1265 hic
941 1241 1094 1276 tropum
1111 1242 1190 1266 non
1210 1231 1450 1274 tenentibus,
1485 1232 1551 1271 sed

41 1282 180 1329 blnauf
195 1281 233 1316 in
251 1281 318 1316 den
339 1278 503 1316 Himmel
526 1277 678 1314 kommen
691 1300 702 1317 2
730 1279 754 1316 s.
760 1279 841 1325 fich
849 1279 1054 1328 sch-tuingen
1069 1278 1092 1315 s.
1113 1279 1271 1316 erheben.

94 1332 208 1375 ὄπαδ.)
235 1342 270 1364 ν.
294 1328 495 1365 D‘Arnaud
527 1330 573 1365 de
595 1328 666 1364 diis
687 1328 827 1365 Paredr.
857 1328 976 1376 paffim
1000 1338 1039 1365 et
1068 1341 1099 1376 p.
1123 1332 1157 1364 6.
1187 1341 1241 1371 ¹4·
1263 1329 1310 1367 de
1331 1330 1387 1367 ὄπ.
1406 1344 1443 1377 p.
1464 1343 1549 1380 203.

41 1382 158 1422 Hunc
176 1379 299 1415 locum
327 1378 449 1425 tangit
478 1388 516 1414 et
538 1378 699 1425 explicat
726 1390 760 1425 p.
784 1381 865 1414 206.
916 1378 1071 1423 Qanto
1098 1376 1332 1416 verisimilius
1352 1381 1490 1428 pariter
1508 1393 1553 1419 et

42 1428 244 1475 modestius
261 1427 358 1470 fuit,
395 1426 476 1474 pios
509 1439 548 1464 et
575 1428 670 1463 bene
697 1425 852 1464 meritos
880 1427 958 1473 post
985 1437 1141 1464 mortem
1171 1440 1248 1464 non
1268 1426 1467 1476 συνθςᾶνους
1485 1434 1551 1468 τοῦ

41 1481 125 1518 θεοῦ
144 1477 266 1514 facere
279 1500 290 1518 ‚
317 1475 377 1512 sed
399 1482 609 1522 συμπολίτας
626 1477 690 1514 τῶν
708 1476 812 1520 ἁγίων
833 1484 887 1514 καὶ
906 1481 1042 1517 οἰκείους
1060 1479 1122 1514 τοῦ
1141 1480 1223 1514 θεοῦ
1235 1478 1322 1524 Eph.
1337 1492 1371 1518 2,
1386 1492 1438 1523 19.
1458 1481 1551 1517 Por-

43 1528 151 1577 phyt.
175 1525 220 1564 de
238 1525 321 1562 abst.
344 1539 380 1572 4,
410 1538 487 1570 10.,
519 1524 581 1563 ubi
603 1525 826 1563 libitinarius
849 1538 917 1572 pro
943 1536 1092 1561 mortuo
1116 1527 1327 1563 orationem
1359 1530 1472 1565 habet
1501 1529 1552 1566 ad.

42 1578 156 1618 deos.
201 1585 237 1612 et
264 1589 317 1612 me
346 1576 515 1623 accipite,
552 1575 699 1623 inquit,
739 1586 774 1612 et
803 1575 874 1612 diis
896 1576 1180 1611 contubernalem
1197 1575 1370 1613 futurum
1396 1579 1555 1622 tradite,

42 1627 279 1673 προσδέξασθὲ
295 1641 337 1670 με
354 1631 410 1662 καὶ
425 1627 602 1671 ,παράδοτε
625 1630 697 1666 τοῖς
717 1628 832 1666 ἀϊδίοις
861 1627 954 1667 θεοῖς
984 1620 1153 1667 σύνοικον,
1190 1637 1225 1662 ν.
1247 1625 1367 1662 lrhof.
1403 1639 1439 1675 p.
1468 1640 1553 1675 191.

43 1675 160 1713 Leisn.

53 1758 56 1761 .
144 1721 250 1760 Nihil
271 1722 406 1759 horum
430 1735 516 1760 cum
546 1721 726 1770 inspicere
743 1722 926 1760 licuisset:
970 1721 1164 1760 manfimus
1187 1723 1225 1759 in
1243 1722 1323 1765 his,
1358 1724 1441 1761 Sch.
1463 1727 1553 1768 „dnn

44 1772 200 1811 deorum
218 1769 352 1818 consors
364 1795 376 1812 ,
400 1771 424 1808 s.
445 1770 567 1819 afficla
585 1783 625 1808 et
643 1770 832 1820 conseffbr“
859 1773 960 1819 quod
983 1772 1089 1819 postr.
1101 1773 1240 1819 repetit
1253 1773 1294 1809 in
1304 1774 1371 1810 rel.
1384 1787 1469 1811 cum
1482 1777 1549 1824 fig.

45 1835 68 1859 e
90 1824 148 1864 P..
181 1819 242 1856 sed
259 1818 423 1856 medium
443 1834 464 1858 e
482 1821 541 1856 Sb.
560 1820 661 1862 lud..
697 1821 761 1858 ubi
789 1833 827 1858 et
856 1834 920 1868 per
941 1821 1108 1868 asperum
1129 1821 1303 1865 aliunde,
1342 1833 1385 1859 ut
1401 1825 1447 1861 ad
1469 1825 1552 1862 Cic.

45 1872 128 1909 Att.
156 1884 190 1914 4,
210 1872 243 1904 6.
271 1881 319 1904 m.
350 1881 434 1916 ergo
460 1871 591 1905 erimus
608 1870 745 1911 ὀπαδοὶ,
782 1871 844 1918 qui
870 1879 972 1914 ταγοὶ
995 1869 1057 1917 ff'
1085 1871 1278 1911 noluimus,
1319 1871 1462 1909 Vistor.
1494 1873 1552 1910 bis

46 1919 204 1957 eandem
232 1917 444 1965 scripturam
473 1917 662 1959 adhibuit,
699 1917 761 1954 sed
792 1920 877 1955 Ern.
908 1919 964 1957 Cl.
989 1919 1068 1955 lnd.
1089 1921 1153 1956 Gr.
1196 1920 1368 1962 „da-2302,
1400 1922 1552 1958 affeclae

46 1969 198 2006 aliorum
226 1965 266 2002 in
292 1967 454 2003 militia⁴⁴
480 1979 556 2015 quo
578 1967 655 2003 leni
675 1978 864 2015 praeterea
881 1966 1022 2015 ubique
1036 1967 1376 2015 deprehendimus,
1411 1983 1445 2006 ν.
1467 1973 1552 2007 Exc-

96 2019 160 2055 τῶν
179 2021 210 2054 ἐν
229 2018 284 2061 ἂ.)
309 2018 350 2052 ln
376 2017 443 2052 hac
464 2015 646 2057 formula,
682 2026 726 2053 ut
744 2028 783 2054 et
804 2016 852 2064 sq.
873 2021 917 2054 τὰ
937 2021 963 2054 ἐ.
985 2031 1042 2060 aa,
1077 2017 1254 2053 articulus
1281 2020 1440 2066 requirit
1467 2020 1551 2067 sup-

46 2066 229 2115 plendum
247 2064 400 2112 aliquod
421 2064 527 2103 subst.
540 2090 551 2106 ‚
579 2077 622 2102 ut
641 2078 766 2113 praep.
785 2065 937 2113 aliquod
959 2065 1152 2112 particip„
1180 2078 1357 2114 tanquam
1376 2071 1442 2105 τῶν
1458 2075 1492 2107 ἐν
1510 2074 1550 2107 ἂ.

48 2115 148 2157 ὄντων
175 2119 407 2161 πραγμάτων,
445 2125 489 2151 ut
518 2113 558 2151 in
586 2114 643 2150 his
670 2120 704 2153 ἐν
731 2115 781 2151 est
797 2127 866 2162 pro
890 2116 968 2151 Lat.
988 2116 1107 2156 inter,
1142 2114 1166 2150 s.
1185 2118 1299 2163 apud.
1337 2127 1375 2153 et
1394 2123 1440 2154 τοὶ
1461 2123 1493 2155 ἐν
1509 2123 1551 2156 ἃ.

46 2163 217 2215 proprie.
245 2177 301 2200 rex
314 2187 326 2204 .
350 2176 440 2212 quae
457 2164 545 2202 sunt
560 2173 595 2200 et
616 2163 713 2201 fiunt
731 2165 842 2206 inter,
868 2176 925 2211 ap.
943 2164 1106 2206 homines,
1134 2164 1235 2211 quod
1254 2164 1404 2208 deinde,
1431 2180 1453 2204 e
1469 2169 1552 2214 lege

46 2213 231 2252 formulae
249 2214 471 2256 vertendae,
497 2225 529 2248 ν.
549 2213 580 2261 §.
603 2225 616 2249 1
630 2226 657 2249 1.
672 2227 703 2250 e.
717 2238 727 2253 ,
755 2224 811 2250 res
829 2212 1035 2254 humanae,
1062 2214 1214 2261 negotia
1234 2214 1419 2257 humana;
1449 2216 1552 2254 unde

46 2261 211 2310 denique
229 2274 291 2309 per
314 2261 458 2310 enipfin
477 2262 599 2299 oritur
618 2262 691 2299 adi.
713 2265 796 2311 Eg„
823 2274 908 2309 prae
928 2264 967 2299 P.
988 2262 1169 2303 severius,
1200 2261 1245 2299 cf.
1261 2263 1444 2302 lnd.Xen.
1460 2267 1550 2314 Cyr-

45 2313 91 2352 Z.
111 2323 145 2346 v.
162 2315 193 2348 ἐν
210 2323 263 2353 e..
295 2317 366 2354 ..τὰ
387 2317 420 2349 ἐν
433 2317 464 2351 ἃ.
478 2336 489 2354 ,
514 2311 551 2349 h.
568 2324 599 2348 e.
618 2318 663 2349 τὰ
682 2307 897 2359 ‘’wedam“
933 2324 990 2359 ap.
1013 2311 1093 2348 Ael.
1107 2313 1153 2347 V.
1175 2312 1212 2348 h.
1239 2325 1294 2358 14,
1318 2324 1373 2359 32.
1393 2328 1424 2352 e.
1444 2318 1550 2353 τοῦτο

44 2363 110 2400 ταῖν
130 2364 162 2398 ἐν
182 2364 218 2397 ἃ.
240 2364 305 2400 ἒςὶν
321 2359 494 2407 alexas-ov,
529 2361 571 2396 id
586 2360 830 2408 turpiffimum
848 2361 947 2397 inter
967 2363 1068 2397 hom.
1091 2361 1160 2411 est,
1199 2362 1314 2398 immo
1332 2363 1392 2399 boc
1410 2376 1550 2405 rerum,

44 2410 221 2453 alionum
241 2410 480 2448 humanarum
499 2410 546 2461 est
568 2420 690 2459 turp.‚
715 2423 792 2459 quo
810 2410 936 2447 tendit
956 2411 1037 2447 lnd.
1058 2423 1091 2446 v.
1111 2410 1199 2447 οἵω.
1225 2417 1298 2454 „rac
1316 2416 1349 2448 ἐν
1365 2414 1399 2449 ἄ.
1420 2426 1477 2451 res
1489 2414 1548 2449 hu·

43 2463 199 2497 παπαί*
222 2458 282 2496 sed
299 2464 332 2497 ἐν
351 2464 410 2502 ἃ..
433 2458 549 2507 fimpl.
573 2472 640 2508 pro
660 2462 758 2497 inter
777 2459 864 2495 hom.
879 2484 890 2502 ,
916 2472 949 2495 v.
972 2462 1145 2508 Theogn.
1164 2460 1241 2497 lnd.
1255 2485 1266 2501 ‚
1293 2473 1334 2496 ut
1355 2461 1550 2508 po‘c‘ticum

45 2509 211 2556 np.,Eur.
233 2510 325 2545 Hec.
345 2521 380 2544 ν.
401 2521 485 2555 491.
509 2515 623 2547 πάντα
649 2514 713 2547 τάν
733 2513 888 2556 βροτοῖς,
928 2509 991 2546 ubi
1023 2510 1147 2544 Schol.
1170 2516 1216 2547 τὰ
1236 2506 1428 2557 ἁνθροῖπεια
1443 2536 1454 2554 ,
1487 2512 1549 2549 sed

0 2600 1 2606 ἵ
44 2557 129 2594 Sch.
158 2556 198 2592 in
231 2569 334 2602 ημεΛ.
355 2571 501 2599 curare,
537 2571 626 2605 quae
650 2559 736 2596 sunt
759 2561 955 2599 hominum,
995 2562 1075 2596 διοικ
1106 2575 1137 2596 τ.
1159 2564 1185 2597 ἃ.
1207 2574 1243 2603 γ.
1258 2565 1462 2607 gubernare
1490 2574 1547 2599 res

46 2606 137 2644 bum.
156 2621 194 2650 γ.
214 2607 423 2655 terrestria,
449 2608 508 2651 (in
529 2610 609 2652 τῶν)
627 2613 658 2646 ὃν
676 2613 710 2646 ἃ.
730 2619 854 2645 rerum
873 2608 965 2644 hum.
986 2608 1041 2652 (in
1062 2607 1191 2655 praep.'
1207 2613 1254 2646 τὰ
1273 2613 1304 2646 ἐν
1328 2613 1363 2646 ἂ.
1389 2622 1472 2647 cum
1481 2613 1546 2660 ng.

0 2653 1 2658 ’
46 2666 86 2693 et
103 2655 157 2699 in)
173 2660 201 2693 ἰ.
220 2668 304 2692 cum
322 2667 388 2693 art.
410 2657 500 2694 facit
517 2657 586 2696 adi.
607 2678 644 2686 —
677 2662 851 2694 terrena“
889 2670 969 2693 cuzn
1001 2658 1039 2692 Ρ.
1067 2656 1239 2705 adiungit
1270 2657 1374 2694 subst.
1397 2674 1546 2705 neam„

75 2704 150 2745 uod
173 2717 211 2742 et
228 2705 449 2743 nostratibus
469 2705 728 2749 necess‘arium,
760 2707 800 2743 in
832 2706 953 2754 primo
973 2707 1030 2742 die
1051 2707 1323 2743 menschlichen
1347 2708 1547 2756 Gesch‘afte.

0 2749 2 2763 '
44 2714 75 2791 ἓ
92 2754 149 2790 die
170 2754 300 2791 Gesch.
317 2766 424 2792 anter
451 2755 525 2793 den
543 2757 749 2807 Mense-hen,
782 2767 820 2792 et
847 2755 888 2793 in
906 2757 1020 2792 altero
1040 2755 1098 2791 die
1115 2757 1246 2793 Sachen
1266 2757 1333 2793 auf
1346 2758 1464 2795 Erden
1477 2782 1487 2799 ‚
1523 2759 1546 2793 s.

0 2778 4 2857 l
45 2801 162 2843 Vera.
177 2804 236 2843 die
253 2803 443 2846 irdischen
462 2806 601 2856 Dinge3
629 2807 840 2847 membrum
859 2815 932 2846 utr.
951 2803 1129 2845 miscente
1146 2805 1212 2851 P„
1239 2807 1340 2845 unde
1348 2808 1414 2856 Bg.
1431 2806 1546 2844 modo
