1798 3163
150 110 219 154 90
293 99 462 143 LIBER
482 98 515 140 Ι.
557 98 680 142 CAP.
694 98 766 143 IV.
807 100 861 143 Α.
886 99 941 142 V.
967 100 1016 143 C.
1045 109 1166 153 933.
1207 100 1344 145 CHR.
1367 100 1429 144 N.
1460 104 1576 152 180.

143 208 480 275 συγκαλέσαςὸ
497 206 595 266 τούς
607 210 779 275 φίλους,
793 208 882 257 ὅσοι
919 217 1021 261 catis
1045 219 1191 264 amicis
1206 255 1217 275 ,
1255 228 1297 264 et
1316 229 1533 282 quotquot
1554 217 1652 269 adess

236 321 271 360 b)
297 323 362 353 MS.
381 319 434 351 Ba.
455 323 643 362 cyynoek‘caee
661 323 694 354 τὲ
712 322 778 352 τοῦς
797 325 831 356 Φ.
843 339 854 356 ,
878 316 977 350 etiam
996 318 1059 352 MS.
1077 320 1131 352 Vi.
1143 344 1154 360 ‚
1179 321 1231 353 sed
1250 334 1284 353 τε
1301 320 1371 352 fine
1388 331 1537 360 accentu,
1557 299 1648 357 ἫΝ.

145 421 274 451 erant,
300 409 564 450 nihil‘notaxn‘,
598 407 745 457 ignarus
773 407 865 443 adeo
895 420 1018 450 nunc,
1048 422 1095 446 an
1124 411 1175 446 ibi
1203 421 1429 446 memoratus
1459 423 1542 448 cum
1559 413 1647 451 loco,

143 460 261 507 Orph.
285 459 319 494 h.
335 471 392 498 21,
408 471 438 496 2.
457 458 566 494 etiam
587 459 717 496 noster,
746 456 808 491 ubi
822 458 960 492 animus
971 458 1115 497 dicetur
1125 459 1303 508 staffilum-e
1315 459 1410 500 curis
1421 469 1496 495 tam
1507 461 1647 515 magnis

142 510 169 554 s.
189 521 264 546 tam
284 508 426 549 multis,
465 518 549 542 cum
579 506 615 540 in
647 517 773 541 mente
801 505 945 542 fuerint
977 508 1112 544 multae
1128 509 1322 556 variaeque
1340 520 1463 545 rerum
1486 508 1648 546 tristium

141 557 415 607 cogitationes,
441 554 503 591 sed
520 554 559 590 in
580 555 775 598 voluntate
797 554 938 601 tristitiq
955 568 1082 604 magna
1103 570 1141 595 et
1152 557 1348 605 multiplex
1367 570 1388 597 e
1402 558 1512 594 rebus
1523 558 1648 599 variis,

142 621 230 645 cum
249 619 352 642 mens
372 615 411 640 et
434 602 612 651 cogitatio
633 602 747 639 modo
773 603 866 644 huc,
892 605 1005 640 modo
1025 606 1112 650 illuc
1133 607 1261 644 traua,
1287 605 1409 642 necin
1429 619 1502 643 una
1527 620 1566 644 re
1584 606 1648 643 de-

140 655 237 698 fixa,
262 656 322 691 sed
339 652 453 689 varias
474 664 529 687 res
550 651 685 688 viderit
707 664 746 686 ac
768 652 940 698 cogitarit
954 678 964 692 ‚
1003 667 1071 691 nec
1091 655 1131 691 in
1153 655 1349 692 voluntate
1374 654 1492 692 fuerit
1521 655 1646 692 sensus

140 717 238 742 unus
258 715 297 740 et
314 703 504 741 constans,
529 700 589 737 sed
609 699 792 741 diversus,
820 713 1008 749 tropoque
1031 715 1201 746 remoto,
1238 717 1323 750 cum
1343 705 1492 740 Marcus
1512 704 1650 741 habue-

139 754 192 793 rit
209 754 374 789 animum
391 749 496 786 valde
519 749 748 797 inquietum,
779 750 1006 799 plenumque
1027 751 1346 794 solicitudinibus
1372 765 1484 800 quern
1495 764 1648 799 tropum

141 815 182 841 et
199 801 376 838 nostrates
397 798 563 839 servent,
587 797 777 846 gleichsam
797 800 960 846 bewe-gt,
990 813 1111 848 errqgt
1125 823 1135 838 ‚
1169 802 1194 836 s.
1214 803 1282 838 wie
1301 815 1379 837 von
1399 805 1574 851 usoogen
1592 804 1651 837 bo-

137 861 259 900 ·wegt,
283 849 308 885 s.
329 850 389 885 hin
412 849 487 883 und
503 847 787 895 bergen-iehan,
826 848 872 884 cf.
897 851 943 884 G.
964 850 1035 884 Th.
1058 851 1096 886 in
1119 853 1184 898 Bg.
1200 876 1209 890 .
1244 863 1327 886 cum
1351 852 1418 886 Gr.
1439 865 1479 888 n.
1506 850 1651 894 „intel-⁹

137 901 229 938 dum
245 897 478 936 commodius
497 897 626 944 paffive
646 898 789 943 capitur
802 923 812 939 ‚
850 911 915 944 pro
935 898 1104 936 fluffibus
1125 899 1256 947 agitari
1273 898 1464 941 etiaaari,
1483 919 1520 927 -
1539 898 1650 935 mari-

136 962 277 987 norum
305 947 485 984 fluetuum
513 947 609 987 ritu,
642 947 715 982 huc
745 957 855 990 atque
883 948 970 983 illuc
993 960 1193 985 ventorum
1217 948 1361 993 impetu
1388 947 1647 989 commoveri‘ss

137 999 333 1036 deserente
356 999 391 1034 ¹⁴².
416 996 525 1032 etiam
547 996 719 1037 Sch.,‚,u..
743 996 899 1031 animam
931 997 1165 1037 fiiistuantem
1187 999 1310 1032 curis“
1335 998 1396 1039 sed
1420 1008 1498 1033 tota
1520 994 1647 1039 Nostri

137 1047 299 1085 formula
326 1045 540 1092 pertinente
562 1044 605 1085 ad
625 1043 703 1080 eius
721 1046 887 1091 poen-ica,
915 1057 953 1081 et
972 1057 1125 1083 tenente
1143 1047 1182 1082 in
1203 1059 1237 1081 v.
1265 1051 1319 1090 ἐχ.
1341 1059 1425 1083 cum
1444 1059 1518 1083 acc.
1537 1045 1590 1082 rei
1603 1057 1646 1080 ac

137 1095 307 1147 particip.
327 1094 350 1131 s.
370 1094 440 1130 adi.
461 1091 614 1129 fortaffis
635 1092 775 1140 aliquid
794 1094 928 1130 coloris
949 1097 1026 1131 Lat.
1043 1120 1054 1137 ,
1089 1096 1138 1132 cf.
1160 1097 1206 1133 G.
1227 1096 1300 1139 Th.
1325 1108 1358 1139 v.
1379 1096 1459 1130 hab.
1482 1105 1564 1140 855.
1583 1104 1645 1140 432

134 1148 215 1194 sqq.
245 1166 310 1186 „-—
331 1144 493 1180 animum
513 1143 694 1189 quietum“
714 1143 757 1178 it.
773 1155 807 1177 ν.
823 1144 962 1179 animus
985 1156 1068 1190 350,
1093 1157 1172 1181 100.
1198 1145 1273 1192 sqq.
1288 1169 1300 1185 ,
1338 1144 1403 1181 ubi
1427 1156 1465 1180 et
1483 1143 1647 1180 formula

135 1195 188 1234 est
212 1195 286 1230 alio
313 1191 416 1229 sensu
436 1191 587 1232 morali,
617 1204 726 1238 quem
745 1192 855 1227 novit
874 1195 954 1239 Stp.
977 1194 1051 1230 Th.
1073 1207 1106 1230 v.
1126 1199 1213 1239 ψυχ.
1229 1207 1263 1237 4,
1281 1194 1479 1237 750.D.E.
1493 1205 1523 1229 e.
1539 1194 1584 1229 G.
1598 1204 1645 1235 e..

135 1244 186 1281 cf.
209 1244 287 1283 ind.
307 1243 416 1279 Dem.
435 1251 473 1277 et
494 1239 581 1276 Luc.
603 1253 634 1277 ν.
654 1245 706 1285 ε’χ.
761 1240 938 1288 Denique
967 1242 1140 1290 particip.
1166 1242 1227 1279 hic
1247 1241 1297 1277 est
1319 1255 1407 1279 ante
1434 1241 1540 1283 subst.
1559 1253 1647 1277 cum

134 1293 239 1331 artic.
258 1308 334 1335 κυμ,
347 1312 384 1318 --
406 1296 467 1331 τὴν
486 1294 522 1333 ψ.
548 1289 742 1337 exquilite,
771 1302 813 1326 ut
833 1291 918 1326 alias
936 1291 1030 1333 adi„
1056 1292 1117 1328 cui
1139 1304 1202 1340 par
1218 1291 1281 1332 est,
1307 1303 1378 1338 qua
1397 1291 1443 1327 de
1458 1304 1499 1327 re
1522 1290 1645 1338 postea,

133 1353 332 1381 monemus
352 1352 494 1376 tantum
517 1339 555 1374 in
574 1339 653 1374 lud.

184 1391 348 1435 συγκαλ.)
382 1387 581 1433 Purpurati
610 1401 647 1424 et
677 1387 786 1424 aulici
812 1401 850 1433 et
876 1388 1095 1431 confiliarii,
1141 1390 1207 1436 qui
1236 1390 1298 1425 hic
1331 1395 1424 1436 φίλοι
1449 1400 1645 1430 vocantur,

133 1442 247 1479 etiam
266 1441 344 1476 Lat.
361 1438 468 1474 amici
485 1437 540 1473 dr.
562 1438 650 1474 Tac.
670 1440 769 1473 Ann.
792 1452 824 1476 2.
851 1451 907 1474 ιε.
931 1453 962 1475 e.
987 1439 1068 1473 Val.
1089 1439 1206 1481 Flacc.
1233 1448 1269 1485 3,
1286 1436 1370 1483 2205.¹
1405 1441 1479 1483 luv.
1508 1440 1584 1474 Sat.
1606 1451 1643 1482 4..

133 1502 192 1535 75.
219 1491 315 1537 Nep.
344 1497 398 1529 13.
418 1500 500 1531 2,4.
529 1499 586 1526 αι.
609 1496 642 1531 3,
664 1500 692 1523 1.
715 1500 753 1525 et
782 1501 812 1529 ι,
835 1499 867 1533 3,
888 1502 921 1524 2.
945 1502 980 1527 v.
1005 1487 1051 1524 ib.
1076 1490 1155 1525 Ind.
1176 1488 1258 1524 Bos.
1291 1499 1331 1525 et
1357 1499 1453 1537 quos
1482 1487 1544 1523 hic
1566 1488 1646 1522 lau-

132 1539 220 1581 dat,
248 1551 287 1574 et
308 1536 472 1574 Freinsh.
493 1536 536 1571 ad
556 1537 659 1571 Curt.
681 1546 714 1582 3,
739 1547 770 1582 3,
796 1549 852 1579 14.
877 1539 993 1573 Lelsn,
1122 1553 1124 1563 .

235 1587 330 1624 Add.
352 1587 399 1623 G.
419 1586 495 1620 Th.
518 1585 644 1632 ibique
662 1585 853 1625 laudatos,
891 1599 929 1624 et
957 1586 1002 1621 de
1025 1587 1089 1623 Gr.
1110 1586 1219 1630 Misc.
1242 1587 1331 1624 Obs.
1355 1588 1456 1623 Nov.
1476 1586 1525 1621 T.
1541 1595 1574 1632 3.
1605 1596 1642 1631 p.

134 1650 197 1684 74.
217 1638 260 1675 it.
278 1637 365 1672 Krb.
384 1636 491 1671 Dect.
514 1634 555 1670 R.
579 1646 613 1680 p.
630 1636 654 1670 1.
677 1640 803 1680 p.2;6.
825 1649 872 1670 m.
893 1647 936 1671 ut
954 1647 1010 1681 ap.
1034 1635 1174 1682 loseph.
1194 1637 1240 1672 T.
1256 1648 1284 1672 1.
1305 1646 1434 1682 p.443.
1456 1633 1481 1670 s.
1505 1647 1536 1669 2.
1552 1634 1574 1668 i.
1607 1649 1641 1675 q.

132 1704 169 1726 τ,
187 1679 362 1731 κᾶτςῷους
384 1694 422 1729 φ.
438 1709 449 1724 ,
473 1694 571 1719 conv.
593 1683 755 1729 paternis
775 1685 919 1726 amicis,
956 1697 1039 1730 cum
1059 1686 1121 1732 Bg.
1146 1698 1210 1730 per
1228 1683 1336 1720 aliam
1367 1684 1449 1731 paff.
1470 1682 1643 1731 particip-

133 1737 315 1776 formam,
339 1734 401 1770 sed
420 1733 504 1768 Sch.
538 1745 648 1774 „cum
665 1735 859 1769 convocari
876 1733 1022 1770 iuffiss'et
1041 1735 1197 1770 amico-<⁶⁴
1223 1747 1243 1769 e
1264 1734 1304 1769 P.
1327 1732 1459 1780 partim
1473 1756 1483 1773 ‚
1519 1744 1584 1778 per
1605 1744 1643 1767 v.

133 1785 331 1824 auxiliare,
359 1781 408 1818 cf.
433 1780 536 1818 Suid.
561 1790 594 1826 3,
618 1789 698 1828 389.
717 1780 766 1823 i·‚
787 1794 867 1818 non
888 1783 975 1818 coll.
999 1782 1042 1818 ad
1053 1783 1180 1822 Hesa.
1200 1788 1302 1824 1286.
1324 1796 1356 1820 e.
1407 1780 1642 1826 TumaMss.

131 1834 313 1872 insertum
333 1837 394 1873 τὲ,
441 1842 484 1867 ut
504 1829 610 1878 saepe
633 1829 792 1872 deinde,
831 1832 987 1867 maxime
1007 1831 1046 1867 in
1071 1832 1237 1879 pluribus
1257 1829 1446 1880 particip..
1486 1840 1538 1871 ut
1564 1828 1642 1871 hic,

132 1881 284 1933 periodi
304 1882 491 1917 rationem
511 1890 652 1922 mutat,
689 1890 731 1915 ut
757 1880 924 1925 apodolis
953 1879 1017 1916 fiat
1039 1881 1079 1917 in
1101 1880 1271 1928 particip.
1292 1890 1412 1925 novo-2
1449 1878 1642 1926 praemiffo

134 1935 244 1976 ἐπειδὴ
264 1949 300 1957 —-
321 1932 482 1972 συνῆλθον
504 1929 693 1972 membro;
719 1929 783 1965 nis·
806 1929 925 1971 dicas,
955 1936 995 1967 τὲ
1015 1930 1104 1966 Mss.
1133 1929 1260 1966 referri
1281 1930 1325 1966 ad
1346 1930 1396 1976 sq.
1419 1937 1474 1970 καὶ
1492 1927 1561 1970 sse,
1596 1939 1641 1964 ut

131 1989 173 2020 τὲ
198 1980 405 2020 redundet;
432 1991 516 2014 cum
535 1978 575 2014 in
594 1977 755 2014 lestione
774 1979 873 2027 vulg.
893 1979 1060 2025 apodofis
1071 1978 1150 2015 fieri
1162 1979 1294 2015 debeat
1312 1977 1430 2016 statim
1444 1976 1524 2025 post
1535 1981 1641 2022 ψυχ.»

131 2041 176 2069 ut
204 2031 245 2067 in
267 2027 398 2077 protasi
426 2026 468 2063 sit
496 2039 615 2063 unum
640 2027 755 2063 modo
783 2029 1014 2069 membrum,
1041 2029 1101 2063 sed
1129 2027 1230 2074 plura
1255 2027 1295 2064 in
1323 2025 1494 2074 apodofi,
1533 2024 1642 2061 culus

132 2077 346 2129 principalis
357 2075 575 2113 enunciatio
596 2074 640 2112 fit
659 2075 718 2112 illa
736 2077 865 2113 ultima
885 2092 948 2114 τοι·
969 2089 1044 2122 aoy.
1059 2075 1207 2123 ἤρξατο,
1233 2077 1397 2123 reliquae
1409 2088 1498 2113 vero
1510 2074 1642 2111 secun-

132 2127 277 2168 dariae,
305 2126 420 2162 varias
440 2139 495 2162 res
516 2138 557 2161 ac
574 2131 765 2172 πεςιςάσεις
787 2126 1015 2172 complexae.
1077 2128 1119 2162 ln
1141 2138 1216 2172 quo
1239 2125 1365 2161 licebit
1383 2123 1643 2172 deprehende-

131 2191 173 2216 re
194 2175 270 2215 duo
289 2177 397 2216 haec,
425 2175 584 2222 primurn
600 2200 611 2216 ‚
634 2173 729 2210 illam
750 2183 802 2214 καὶ
822 2175 994 2222 copulam
1015 2176 1212 2211 cohaerere
1231 2186 1314 2211 cum
1337 2173 1510 2210 inferiori
1528 2181 1642 2220 καιρῷ..

132 2227 292 2264 alterum
312 2236 422 2265 vero,
454 2223 758 2260 enunciationem
784 2224 906 2265 istam,
934 2228 1045 2266 ἐπειδὴ
1065 2245 1102 2252 -
1122 2226 1306 2265 συνῆλθον.
1333 2223 1424 2270 poni
1448 2235 1515 2269 pro
1535 2220 1641 2270 geni-

133 2274 221 2312 tivis
252 2272 449 2319 consequ.,
490 2279 619 2310 πάντων
645 2269 886 2313 συνελθόντων,
929 2286 1034 2309 more
1062 2273 1172 2309 etiam
1198 2274 1301 2315 Lat„
1347 2269 1505 2307 maxime
1526 2270 1640 2313 Livii,

131 2321 340 2372 participiis
368 2322 438 2359 abl.
460 2323 643 2369 consequ.
671 2321 838 2358 similiter
860 2322 1121 2360 interserentis
1147 2321 1306 2369 aliquam
1334 2319 1640 2359 enunciationem

132 2385 197 2422 per
217 2370 410 2413 particulas
434 2372 631 2418 quasdam,
656 2370 834 2421 pqstquam
848 2396 859 2411 .
884 2370 908 2406 s.
928 2383 1051 2418 quum,
1071 2383 1162 2412 etc.;
1188 2370 1290 2408 unde
1308 2370 1394 2407 sane
1414 2369 1476 2406 hic
1496 2369 1637 2417 reliqua

132 2420 328 2466 participp.
346 2431 567 2455 concurrant
584 2419 661 2456 fine
681 2420 814 2468 copula
832 2419 951 2468 aliqua
964 2446 974 2464 ,
1003 2421 1048 2456 cf.
1062 2421 1147 2468 vig.
1167 2430 1286 2466 p.339.
1313 2421 1346 2466 b.
1367 2432 1413 2455 m.
1434 2419 1503 2456 Nr.
1520 2430 1574 2460 17.
1593 2417 1637 2457 it.

131 2469 213 2509 Iud.
236 2470 276 2506 Z.
296 2470 390 2508 Xen.
411 2469 491 2504 Pol.
513 2479 550 2504 et
569 2471 653 2516 Cyr.
672 2483 705 2504 v.
724 2469 935 2517 asyndeton,
978 2470 1098 2515 qualis
1125 2469 1261 2516 copula
1281 2481 1351 2504 nec
1368 2478 1557 2515 comparet
1579 2478 1639 2513 ap.

131 2521 195 2558 P..
223 2516 287 2566 qui
307 2516 424 2553 libere
445 2517 636 2564 periodum
657 2518 841 2559 dissolvit,
867 2530 1010 2555 mutato
1032 2517 1142 2554 etiam
1163 2517 1473 2555 enunciationum
1491 2516 1637 2554 ordine.

184 2566 274 2610 3501)
301 2565 358 2604 Ad
378 2578 413 2602 v.
431 2581 557 2612 παςησ.
576 2567 830 2616 intelligemus
850 2566 931 2603 adv.
950 2572 1039 2608 ἐκεῖ,
1063 2567 1129 2609 ibi,
1155 2579 1255 2604 extra
1274 2567 1440 2608 Romam,
1464 2563 1503 2601 in
1515 2563 1638 2604 castris

130 2617 161 2655 s.
179 2616 291 2657 urbe,
317 2614 382 2651 ubi
401 2616 549 2652 Marcus
571 2627 742 2663 aegrotus
763 2616 839 2652 fuit
857 2628 897 2651 ac
918 2628 1107 2658 mortuus;
1146 2628 1226 2652 non
1252 2629 1310 2652 me
1338 2615 1549 2663 reperiente
1575 2612 1637 2648 di-

129 2666 227 2705 serte
240 2689 252 2706 2
284 2663 438 2712 quinam
455 2662 600 2702 fuerint
619 2663 672 2700 isti
693 2669 890 2712 συγγενεῖς,
917 2677 1001 2702 cum
1019 2665 1140 2712 Capit.
1159 2675 1347 2702 memoret
1362 2665 1462 2702 solos
1481 2663 1637 2703 amicos,

130 2726 216 2752 tum
242 2711 471 2762 praesentcS,
503 2708 544 2750 in
564 2713 618 2750 M.
641 2727 670 2749 c.
694 2726 751 2759 27.
772 2727 806 2750 e.
833 2727 868 2762 p.
892 2718 971 2761 396.
1000 2728 1032 2750 c.
1058 2723 1117 2756 28.
1135 2728 1182 2752 m.
1213 2727 1249 2763 p.
1274 2723 1354 2761 399.
1374 2714 1424 2757 i..
1449 2724 1573 2750 tamen
1592 2721 1636 2750 ut
