1772 3158
225 139 326 188 882
639 132 936 178 EXCVRSVS
974 132 1058 176 AD
1089 133 1234 180 LIBR.
1271 135 1306 179 Ι.

225 257 351 283 cerum
372 256 440 281 nec
459 242 692 282 simulatum,
730 240 792 277 sed
822 241 994 277 constans
1024 254 1064 277 ac
1090 240 1260 284 firmum,
1294 243 1354 278 vel
1375 243 1587 291 promissum
1610 243 1733 292 ipsum

225 295 408 380 ¹¹¹¹¹}t²‘⁶›
441 291 600 378 fidjliter
617 291 823 334 servatum,
855 289 931 327 fine
949 290 1177 335 violatione,
1203 290 1434 337 constanter,
1455 292 1621 336 firmiter,
1644 305 1733 330 vete

227 355 270 380 ac
308 356 371 380 me
397 354 486 379 men
513 353 604 377 acio.

895 452 927 481 ι,
949 451 982 484 5,
1004 451 1063 483 25.

357 489 409 528 'ro‘
437 506 478 527 τε
509 493 540 527 ἐν
569 487 646 534 ἧμῖν
668 494 735 527 νέαν
762 487 964 533 σεμνότητος
988 484 1182 534 πληρώσετε
1200 490 1246 535 τῇ
1265 496 1330 526 τῶν
1353 487 1519 534 ν’μετέςων
1539 484 1646 535 ἔργων
1676 492 1735 526 ἆν-

204 571 206 573 v
229 541 415 589 ὃςαγαὲίᾳ.

323 590 381 624 Ab
398 586 509 627 initio
528 592 567 623 τὸ
587 591 618 623 ἐν
639 586 694 631 ἧμ.
719 593 786 624 νέον
808 585 948 632 accipio
975 598 1042 633 pro
1060 592 1120 627 τὴν
1144 586 1307 631 ἡμετέραν
1329 582 1498 629 νεότητα,
1532 585 1556 621 ι’.
1581 599 1613 621 e.
1642 590 1734 628 ἐμὴν,

228 637 398 688 ηρβνανη,
427 648 559 676 meam,
585 637 812 676 iuventutem,
839 635 1386 682 supplendoiterum(cf.§18.
1405 636 1518 680 the.)
1537 633 1734 681 participio

230 683 290 728 ἓν,
319 685 421 733 quod
441 694 480 720 et
497 686 559 732 Bg.
578 683 714 725 refert,
747 685 837 720 dum
857 685 895 719 P.
916 683 1057 719 accedit
1083 683 1126 718 ad
1153 684 1309 720 nostram
1337 682 1544 724 rationem,
1579 694 1736 720 tenente

227 738 312 782 Stp.
331 735 405 771 Th.
428 743 572 769 tantum
601 732 640 768 in
669 732 742 769 adi.
764 745 798 773 2,
825 742 928 772 1028.
951 734 997 769 G.
1018 746 1046 768 e.
1077 733 1212 772 „Plato
1236 732 1274 768 τὲ
1297 739 1363 769 νέον
1388 730 1499 774 ἅπαν,
1531 732 1599 779 ipfi
1621 732 1735 767 etiam

227 784 424 832 infantes“
461 794 482 817 e
511 781 700 817 liberrimo
724 781 822 824 Cic„
863 782 912 816 cf.
937 783 1023 818 Luc.
1045 791 1077 827 3,
1095 789 1177 827 480.
1207 781 1231 816 l.
1250 793 1284 823 7.
1308 787 1347 817 τὸ
1375 785 1409 818 δὲ
1437 788 1504 817 νέον
1530 783 1650 822 ἀτελὲς
1681 777 1735 816 ἔτι

230 836 406 879 νομίζουσι
421 855 431 871 ,
463 829 726 877 aclolefhentiam
747 831 834 872 rel.,
863 830 925 866 ubi
952 830 1062 866 etiam
1082 830 1201 877 potest
1227 829 1297 865 effe
1317 829 1528 865 absttaftum
1548 842 1614 876 pro
1644 841 1736 864 con·

233 893 360 922 creto,
396 890 439 915 ut
457 890 494 915 et
511 878 637 915 nostro
660 880 767 919 loco,
802 892 860 915 me
879 878 1076 920 iuvenem,
1111 892 1191 919 me,
1221 878 1283 925 qui
1304 878 1325 915 s.
1349 879 1432 925 quia
1463 878 1538 914 sum
1564 877 1736 920 iuveni53

231 930 349 970 semel
367 928 482 964 modo
501 929 577 974 Stp.
604 927 737 963 eodem
756 927 933 963 afferente
953 927 1103 963 aliunde
1126 940 1148 963 e
1164 928 1296 963 Nostro
1317 926 1421 962 subst.
1446 942 1537 971 σεμν.
1551 952 1561 967 ,
1593 937 1669 973 quo
1688 925 1736 961 de

232 979 284 1017 cf.
304 977 385 1016 lnd.
401 979 512 1014 Dem.
525 977 619 1013 Xen.
640 979 726 1024 Cyr.
738 977 779 1015 Z.
805 976 885 1012 Ael.
900 978 947 1013 V.
961 977 998 1012 h.
1024 977 1113 1013 Luc.
1133 977 1229 1013 Plut.
1248 977 1337 1024 Krg.
1358 976 1440 1012 Chr.
1463 977 1527 1012 Gs.
1547 988 1632 1011 cum
1652 974 1736 1010 Exc.

231 1030 278 1066 ad
301 1040 332 1071 1,
353 1039 385 1068 2,
407 1029 441 1060 6.

330 1077 473 1111 Verum
493 1072 648 1110 maxima
670 1086 728 1110 res
746 1073 853 1110 estin
874 1087 908 1109 v.
932 1075 1088 1118 πληροῦν.
1140 1072 1256 1116 Quod
1275 1071 1298 1108 li
1312 1075 1372 1120 Eg.
1392 1072 1505 1108 vertit
1527 1085 1591 1118 per
1604 1071 1739 1120 supple.

236 1140 278 1164 re
297 1123 400 1162 sensu
420 1123 573 1172 vulgari,
601 1124 721 1170 proin
741 1121 951 1159 deficientis
971 1122 1094 1158 locum
1108 1122 1247 1169 aliquid
1270 1134 1422 1167 ponere,
1451 1121 1558 1156 nobis
1577 1123 1738 1169 ersetzen

232 1177 262 1214 f.
286 1177 486 1222 crg'dnzen:
518 1183 599 1207 tum
621 1170 706 1207 sane
719 1172 867 1208 videtur
886 1171 1002 1207 abesse
1025 1170 1119 1217 posse
1138 1170 1365 1214 substa-elwa,
1386 1168 1564 1206 afferente
1575 1170 1738 1217 Stp.Th.

232 1223 355 1264 nihil,
380 1234 490 1270 quam
510 1233 543 1256 v.
561 1232 620 1257 πλ.
639 1233 724 1256 cum
745 1232 829 1269 gen.
851 1220 903 1256 rei
927 1232 991 1266 per
1009 1221 1083 1255 duo
1105 1220 1294 1265 exempla,
1323 1219 1368 1256 cf.
1383 1219 1420 1254 L.
1434 1220 1480 1255 N.
1497 1221 1542 1254 T.
1562 1218 1739 1256 1nd.Fab.

234 1272 319 1311 Aes.
337 1272 397 1308 Hs.
421 1271 508 1306 Abr.
532 1271 572 1306 L.
596 1270 658 1305 Ar.
682 1283 716 1316 p.
731 1281 807 1314 ¹47-
827 1283 880 1309 e.‚
910 1269 974 1316 qui
993 1269 1032 1305 in
1045 1273 1114 1305 An.
1137 1270 1181 1305 ad
1193 1268 1320 1303 Aesch.
1343 1281 1373 1308 1,
1389 1278 1530 1314 333.m.
1551 1267 1739 1304 etiamha-

234 1325 302 1360 bet
325 1332 406 1356 cum
429 1319 499 1354 abl.
525 1318 590 1357 rei.
652 1320 749 1358 Iam,
784 1330 868 1354 cum
889 1318 964 1353 Lat.
987 1319 1131 1365 implere
1153 1318 1265 1353 etiam
1289 1329 1373 1352 curn
1393 1328 1473 1364 gen.
1494 1316 1544 1352 rei
1563 1327 1737 1363 ponatur,

234 1370 303 1417 (cf.
320 1370 366 1405 G.
386 1368 477 1413 Th.)
496 1367 619 1403 severe
639 1367 791 1414 quidem
810 1377 932 1403 totum
952 1366 1071 1401 Nostri
1091 1367 1213 1402 locum
1235 1365 1456 1411 interpreter
1478 1364 1526 1399 ita
1540 1389 1550 1406 ,
1583 1365 1737 1412 mfiram

235 1422 473 1457 iuventutem
486 1416 695 1464 gravitatis
715 1415 916 1462 implebitis
939 1415 1131 1464 vestrorum
1151 1413 1327 1450 saelorum
1338 1412 1578 1459 fortitudine,
1604 1413 1665 1450 sed
1678 1413 1741 1447 de·

235 1468 328 1504 inde
348 1465 521 1506 liberius,
551 1464 708 1500 nostram
724 1464 959 1500 iuventutem
982 1462 1198 1499 aufioritate
1216 1462 1403 1497 instrueris
1429 1475 1493 1508 per
1515 1463 1627 1498 vestra
1646 1461 1738 1497 saaa

236 1516 377 1556 fortia,
409 1514 573 1568 intmeae
597 1511 786 1549 iuventuti
804 1513 1058 1550 auam-itatem
1082 1511 1248 1551 addetis,
1276 1510 1536 1552 conciliabitis,
1563 1510 1739 1557 parabitis

234 1564 363 1602 vestris
380 1562 482 1599 fastis
498 1561 669 1598 fortibus.
852 1581 855 1583 -
1242 1592 1248 1594 μ
1358 1568 1361 1569 ’

218 1625 223 1631 ²
338 1612 490 1648 Scilicet
510 1609 644 1646 Noster
663 1610 703 1646 in
722 1608 883 1645 formula
908 1609 966 1645 sua
986 1609 1132 1645 videtur
1149 1606 1336 1654 respexisse
1358 1607 1457 1643 illam
1479 1607 1583 1643 aliam
1598 1631 1608 1647 ‚
1646 1619 1741 1654 quae

234 1664 280 1703 in
299 1674 340 1698 re
357 1659 476 1696 navali
494 1659 685 1706 usurpatur
701 1657 811 1695 etiam
833 1658 929 1694 infra
944 1670 976 1698 ε,
997 1669 1052 1702 14,
1077 1667 1129 1703 ¹3·
1155 1662 1217 1697 τὰς
1236 1653 1378 1702 τριήρεις
1400 1656 1537 1693 ἔοι-λιτῶν
1550 1656 1743 1702 πληρώσας,

236 1710 305 1749 ubi
323 1709 490 1747 {imiliter
512 1721 548 1743 v.
564 1707 612 1743 est
632 1720 715 1744 cum
734 1719 808 1743 acc.
828 1707 879 1743 rei
901 1717 939 1742 et
958 1705 1082 1753 aliquo
1096 1718 1202 1753 gen,
1236 1705 1294 1741 sed
1314 1705 1423 1754 pers„
1459 1717 1560 1745 non,
1597 1716 1640 1740 ut
1668 1705 1741 1746 hic,

237 1760 318 1802 xci,
355 1769 466 1807 quem
488 1755 610 1794 Nostri
628 1756 783 1793 alterum
806 1758 933 1793 locum
952 1757 1029 1802 Stp.
1049 1755 1122 1791 Th.
1144 1765 1249 1791 tenet
1274 1752 1349 1789 fine
1372 1755 1434 1789 Vs.
1459 1765 1493 1800 3,
1515 1758 1596 1801 386.
1622 1755 1665 1789 C.
1688 1766 1740 1790 m.

234 1809 305 1847 sub
325 1806 432 1844 fimili
454 1807 596 1848 Thum,
632 1817 712 1841 non
734 1816 879 1852 reperto
902 1805 993 1842 mihi
1009 1803 1139 1845 inlnd.
1154 1827 1165 1844 ‚
1189 1802 1250 1839 sed
1268 1803 1340 1837 alio
1362 1815 1445 1848 214,
1463 1806 1519 1849 36.
1542 1804 1604 1840 Vs.
1625 1805 1742 1851 exple.

234 1871 280 1894 re
293 1882 305 1899 ,
338 1855 387 1892 cf.
403 1853 516 1891 Diod.
535 1856 570 1891 S.
593 1867 626 1896 2,
646 1867 704 1900 24.
726 1854 821 1890 l.22.
841 1855 919 1895 ναῦς
933 1873 967 1880 -
985 1861 1171 1898 πληρῶσοᾳ,
1198 1864 1311 1887 naves
1331 1851 1531 1897 implerent.
1556 1851 1739 1887 lnd.Xen.

234 1906 338 1943 Hell.
360 1906 456 1942 Mor.
479 1914 518 1940 et
537 1903 618 1939 Pol.
641 1903 683 1939 Z.
706 1903 827 1940 nautis
846 1903 988 1950 replere
1015 1915 1145 1943 naves,
1178 1900 1240 1942 sed
1268 1901 1323 1936 ed.
1345 1902 1420 1935 Th.
1449 1901 1611 1949 explere,
1645 1912 1741 1948 quae

233 1957 339 1997 Lat,
364 1952 459 1989 nihil
479 1952 650 1990 tenentia
667 1964 723 1999 ap.
749 1952 793 1987 G.
816 1951 913 1991 Th.,
939 1952 1038 1999 quod
1058 1952 1131 1988 huc
1151 1949 1284 1997 profit,
1315 1949 1410 1996 paria
1433 1949 1518 1986 sunt
1535 1947 1606 1985 istis
1629 1961 1742 1985 naves·

234 2004 263 2042 s.
286 2003 427 2041 classem
454 2014 622 2044 armare,
663 2001 860 2042 instruere,
892 2013 1044 2040 ornare,
1076 2012 1234 2047 quorum
1264 1998 1426 2034 medium
1458 1998 1496 2034 in
1526 1997 1653 2045 primis
1681 1998 1742 2034 hic

235 2052 462 2099 amplefmr,
490 2048 589 2098 quast
614 2049 746 2086 ducem
768 2050 812 2085 ad
831 2049 944 2085 nostri
965 2049 1038 2084 loci
1059 2047 1347 2094 intelligentiam
1367 2058 1407 2084 et
1424 2043 1691 2093 explicationes
1702 2048 1742 2083 Ρ.

235 2114 280 2138 ac
298 2102 422 2138 Leisn.
469 2099 565 2136 Nam
583 2099 779 2148 instruere,
813 2110 854 2135 et
872 2097 992 2145 ipsum
1015 2097 1220 2145 tropicum,
1259 2097 1297 2131 in
1319 2096 1445 2132 multis
1465 2096 1613 2131 dicendi
1631 2096 1744 2132 ratio-

234 2150 350 2188 :nibus
371 2147 467 2186 nihil
486 2148 556 2190 est,
585 2159 694 2195 quam
714 2147 799 2184 dare
815 2158 854 2183 et
874 2146 1085 2194 impertire,
1113 2158 1190 2181 v.c.
1213 2145 1386 2193 instruere
1408 2144 1743 2194 militesstipendi0,

238 2201 288 2235 G.
308 2199 384 2236 Th.
409 2197 514 2242 1¹58·
535 2197 583 2239 i.,
610 2197 722 2233 etiam
744 2196 837 2233 adeo
857 2196 894 2232 in
916 2195 975 2231 ista
993 2195 1164 2235 notione,
1189 2193 1332 2241 quaille
1345 2193 1396 2230 ait
1411 2194 1480 2230 effe
1497 2194 1617 2229 docere
1635 2194 1743 2235 l.11.,

237 2259 284 2284 ut
301 2248 327 2283 l.
345 2260 397 2292 ¹5·
418 2257 502 2283 arte
523 2244 549 2281 s.
559 2244 714 2294 scientia
732 2245 895 2293 aliquem
913 2243 1107 2293 instruere,
1135 2243 1199 2279 ubi
1220 2243 1411 2279 substituas
1432 2247 1511 2279 noh
1535 2244 1648 2279 modo
1661 2244 1738 2279 Lat.

236 2297 413 2336 imbuere,
442 2295 562 2341 (quod
576 2320 586 2336 ,
613 2306 727 2341 tropo
746 2304 893 2335 amoto..
916 2294 985 2342 i.q.
1005 2292 1190 2339 implere.)
1208 2291 1268 2328 sed
1288 2302 1326 2327 et
1347 2292 1530 2332 tribucre..
1559 2291 1663 2333 dare,
1691 2298 1739 2328 'et

236 2346 454 2382 nostratium
475 2343 672 2381 mittheilen
690 2354 728 2379 et
746 2343 928 2391 versehen,
969 2343 1072 2390 quod
1093 2339 1242 2377 fluxerit
1261 2353 1282 2375 e
1302 2342 1379 2376 Lat.
1397 2341 1586 2387 pro-videre
1603 2351 1642 2376 et
1655 2350 1740 2389 pro-

230 2394 389 2444 spicere.
417 2405 512 2442 quae
533 2404 572 2430 et
592 2391 665 2439 ipsa
688 2393 863 2428 dicuntur
882 2404 949 2438 pro
969 2403 1183 2437 comparare
1198 2401 1237 2425 et
1257 2401 1474 2435 procurare,
1517 2389 1576 2436 (cf.
1597 2391 1642 2427 G.
1663 2389 1738 2425 Th.

240 2455 349 2488 1140,
367 2453 424 2488 73.
455 2454 559 2488 1149,
575 2443 652 2488 90.)
673 2441 782 2477 nobis
801 2439 1033 2489 veischqffen,
1057 2441 1082 2475 i.
1102 2440 1329 2485 quaerendo,
1354 2439 1518 2474 curando
1530 2439 1627 2479 dare,
1653 2450 1740 2475 cum

237 2491 320 2528 aliis
337 2490 621 2527 communicare.
671 2491 779 2526 Unde
799 2489 906 2526 facile
925 2490 1057 2525 habeas
1077 2488 1199 2523 Leisn.
1218 2489 1366 2528 addere,
1390 2488 1487 2535 quod
1503 2500 1580 2523 non
1599 2486 1740 2534 semper

237 2542 287 2576 est
303 2540 454 2588 insuper
476 2540 580 2583 dare,
619 2538 678 2575 sed
698 2539 803 2586 saepe
825 2538 848 2574 i.
869 2550 904 2585 q.
928 2537 1078 2583 fimplex
1104 2536 1210 2577 clare,
1247 2546 1289 2571 ut
1309 2537 1536 2572 alacritatem
1559 2535 1741 2583 scribendi

236 2587 345 2626 alicui
367 2592 521 2631 addere,
553 2588 594 2623 it.
613 2589 767 2630 animos,
802 2586 827 2623 i.
849 2588 1034 2629 tribuere,
1062 2585 1256 2626 instillare,
1282 2585 1454 2626 excitare,
1481 2585 1525 2621 cf.
1540 2584 1739 2630 G-Th.94,

239 2650 296 2681 17.
317 2638 394 2686 sqq.
442 2637 547 2674 Sicut
567 2637 607 2672 P.
625 2637 816 2672 conciliare
835 2648 933 2671 extra
955 2647 1103 2680 tropum
1124 2635 1224 2669 valet
1242 2633 1280 2668 in
1306 2633 1431 2670 multis
1454 2633 1476 2668 i.
1498 2647 1531 2680 q.
1553 2645 1741 2680 compara-

234 2701 296 2728 re,
322 2698 538 2733 procurare.
572 2685 679 2727 dare,
716 2685 764 2721 cf.
784 2685 862 2722 lnd.
883 2684 961 2719 lust,
993 2697 1032 2720 et
1049 2686 1163 2719 Corn.
1182 2683 1232 2718 N.
1284 2683 1410 2729 ltaque
1434 2681 1573 2718 nostrae
1594 2682 1740 2718 formu-

233 2736 301 2778 lae,
325 2734 705 2784 nqstramiuventutem
716 2733 936 2771 austoritate
948 2732 1132 2783 instructis
1150 2742 1218 2780 per
1235 2731 1353 2780 vestra
1373 2730 1610 2778 fastafortias
1638 2743 1740 2780 pares
