1829 3173
1439 130 1587 162 XXXI

71 290 714 360 HERODIANO
765 229 1586 361 iiimomAvaE

43 424 49 429 -
126 385 133 389 ’
314 388 715 450 νΕΚΞΙΟΜῑ
759 385 1338 439 BERGLERIANA

209 497 701 548 PROLVSIO
768 495 1454 543 SCHOLASTdCA

560 593 1106 632 ORATIVNCVLISV

827 688 889 712 is

310 747 735 813 SCHOLA
812 744 1356 791 THOMANA

395 851 442 879 A.
464 853 505 880 D.
528 849 579 877 x.
603 847 820 875 Amums
847 845 1280 875 A.c.01.21:)cCLX1

603 913 629 946 R
653 913 677 945 Ε
703 913 730 946 C
754 913 765 944 1
792 911 825 944 Τ
849 914 880 944 A
903 910 936 943 N
959 913 993 944 D
1017 912 1031 943 1
1057 910 1078 944 s

673 1000 990 1026 PRAEMISSA

212 1129 318 1182 10.
377 1068 896 1181 FRIDERICAO
961 1123 1457 1177 L·ElSNERO.

77 1258 226 1355 Qui
246 1272 290 1309 de
311 1283 434 1309 rerum
460 1270 701 1320 scriptoribus
724 1269 886 1308 iudicare
906 1279 1114 1310 conantur,
1151 1279 1255 1306 nunc
1284 1279 1416 1305 eorum
1444 1266 1600 1307 dicendi

212 1335 348 1365 artem,
379 1333 482 1358 nunc
501 1334 645 1364 rerum,
680 1333 774 1369 quae
797 1322 1018 1362 traduntur,
1063 1319 1278 1355 varietatem
1307 1329 1345 1353 et
1372 1317 1600 1367 magnitudi-

79 1385 165 1411 nem
180 1396 191 1414 ,
228 1383 329 1408 nunc
352 1371 517 1419 denique
535 1370 647 1407 fidem
668 1370 892 1416 scriptorum
913 1369 1023 1417 ipsam
1053 1368 1117 1405 fibi
1142 1367 1238 1415 apud
1264 1367 1429 1403 animum
1460 1379 1604 1416 propo-

78 1433 191 1459 nunt·
249 1421 505 1458 Herodianum
525 1422 637 1458 etiam
659 1421 703 1456 ab
731 1420 804 1455 illis
824 1420 945 1467 magni
965 1418 1043 1455 fieri
1064 1417 1174 1454 facile
1198 1416 1470 1454 animadvertas
1484 1442 1494 1458 ‚
1529 1415 1601 1464 qui

81 1471 143 1508 his
162 1472 338 1508 omnibus
356 1470 460 1507 fimul
481 1470 735 1517 praestantiam
752 1467 914 1505 historici
946 1467 1174 1504 metiendam
1197 1469 1352 1503 ducunt.
1411 1468 1507 1504 Nam
1529 1477 1601 1502 nec

81 1519 322 1569 eloquentiae
343 1531 441 1556 caret
463 1518 653 1562 laudibus,
678 1530 737 1560 et,
771 1530 864 1566 quae
881 1518 999 1554 fuerit
1018 1516 1162 1553 romani
1183 1515 1333 1563 imperii
1354 1527 1419 1562 per
1436 1515 1604 1563 sexagin-

81 1582 120 1608 ta
141 1581 326 1606 annorum
345 1568 504 1617 spatium
523 1569 701 1610 fortuna,
726 1567 795 1604 sub
817 1567 944 1604 multis
967 1567 1143 1612 peffimis,
1178 1565 1304 1612 paucis
1324 1565 1435 1602 bonis
1449 1590 1460 1606 ,
1499 1565 1605 1613 prin-

82 1619 226 1667 cipibus
247 1618 424 1666 exponit:
463 1617 688 1654 testimoniis
708 1628 832 1653 autem
855 1617 935 1654 eius
956 1616 1066 1653 fidem
1095 1613 1429 1663 auctoritatemque
1450 1614 1505 1651 illi
1533 1612 1603 1662 ipfl

83 1668 301 1717 adiungunt
315 1693 326 1710 ,
352 1679 448 1716 quos
471 1667 512 1703 in
534 1666 765 1704 credulitatis
784 1679 832 1702 ne
851 1666 1098 1713 suspicionem
1119 1665 1273 1712 quidem
1295 1676 1428 1700 vocare
1453 1664 1603 1700 audeas.

82 1716 229 1764 Qidni
252 1718 284 1753 ei
305 1715 661 1765 fidemadiungant‚
694 1716 761 1764 qui
782 1716 895 1752 tradit
907 1715 978 1751 visa
997 1714 1060 1751 fibi
1082 1726 1121 1751 et
1141 1713 1286 1755 audita,
1312 1714 1495 1750 nonnulla
1509 1716 1604 1750 item

27 1787 33 1791 „
85 1766 310 1813 experiendo
332 1765 503 1814 cognita,
529 1777 664 1812 utpote
680 1765 720 1802 in
740 1764 901 1812 publicis
919 1764 1051 1802 officiis
1073 1764 1417 1811 principalibusque
1434 1762 1603 1799 versato:

87 1816 147 1852 cui
168 1815 348 1862 quaedam
367 1827 496 1850 verum
513 1815 685 1852 tradendi
707 1816 895 1851 neceffitas
913 1814 992 1859 fuit?
1009 1812 1199 1860 impolita,
1230 1823 1366 1858 utpote
1387 1825 1434 1849 eo
1455 1823 1606 1859 tempo-

87 1877 129 1900 re
153 1863 251 1900 suam
268 1863 453 1899 historiam
471 1865 661 1911 vulganti,
694 1875 810 1911 quum
832 1876 871 1900 ea
885 1889 895 1904 ,
926 1875 1023 1910 quae
1041 1863 1160 1899 literis
1180 1861 1396 1902 tradiderat,
1421 1861 1606 1898 leam-um

87 1910 250 1951 sensibus
269 1912 386 1947 adhuc
398 1911 938 1958 memoriaequeinhaererent:
969 1913 1032 1959 qui
1054 1912 1217 1958 denique
1236 1909 1416 1947 libertatis
1435 1911 1607 1947 retinen-

87 1962 156 1999 dae
168 1960 218 1996 ita
233 1960 281 1996 est
294 1972 432 2001 amans,
453 1971 495 1996 ut
506 1960 544 1995 in
556 1959 737 1995 laudando
750 1961 1134 2008 reprehendendoque
1146 1960 1238 1995 nihil
1250 1971 1373 2006 neque
1392 1959 1528 2008 gratiae
1538 1972 1607 1996 ne-

88 2023 164 2059 que
184 2009 274 2045 odio
291 2009 454 2046 dandum
474 2019 590 2055 putet.
640 2008 742 2045 Siler)
762 2009 917 2056 reliqua,
943 2021 1038 2056 quae
1061 2009 1094 2044 ei
1118 2009 1180 2046 fidi
1203 2008 1364 2046 historici
1385 2009 1534 2045 laudem
1551 2007 1607 2044 fa-

87 2059 162 2096 cile
181 2057 387 2099 adstruant,
425 2069 549 2094 mores
568 2058 756 2098 hominis,
798 2070 914 2107 genus
942 2057 1123 2094 orationis
1144 2057 1389 2105 aequabiliter
1411 2057 1490 2094 sere
1519 2070 1608 2106 pro-

86 2108 223 2150 fluens,
238 2106 532 2143 moderationem
546 2106 584 2142 in
597 2107 695 2144 reste
706 2119 746 2143 ac
759 2107 858 2144 secus
871 2106 974 2144 faffis
986 2108 1044 2143 vel
1059 2107 1252 2143 laudandis
1265 2108 1324 2142 vel
1337 2106 1608 2155 vituperandis,

86 2155 320 2205 diligentiam
342 2155 508 2203 denique
529 2167 627 2192 certa
651 2157 695 2192 ab
718 2157 870 2193 incertis
884 2155 1146 2205 distinguendi,
1175 2156 1282 2191 cuius
1304 2155 1523 2204 diligentiae
1543 2169 1607 2194 ex-

88 2206 201 2256 pressa
221 2205 366 2253 vestigia
388 2204 509 2253 paffim
532 2206 629 2252 apud
653 2218 739 2242 eum
762 2216 901 2243 extant.
953 2206 1083 2252 Qum
1103 2204 1140 2241 fe
1155 2203 1194 2241 in
1212 2205 1372 2252 publicis
1391 2205 1610 2254 principali-

88 2257 235 2302 busque
254 2253 464 2291 ministeriis
481 2255 665 2291 versatum
689 2256 805 2297 dicit,
834 2266 1061 2303 magnopere
1080 2254 1215 2296 vellem
1229 2280 1238 2296 ,
1264 2253 1476 2296 indicasset,
1505 2252 1608 2303 quali

88 2316 270 2344 munere,
309 2315 435 2341 utrum
454 2303 575 2340 aulico
602 2316 649 2340 an
670 2304 842 2346 militari,
877 2314 916 2340 et
936 2305 1001 2340 sub
1021 2303 1156 2350 quibus
1175 2303 1486 2350 imperatoribus,
1518 2304 1608 2341 fue-

90 2354 143 2389 rit
159 2353 325 2394 functum
353 2365 438 2389 nam
456 2352 521 2390 sub
540 2353 715 2391 omnibns
733 2354 817 2390 suae
837 2352 968 2390 aetatis
989 2354 1180 2395 funaum,
1201 2353 1311 2390 rebus
1331 2363 1406 2391 tam
1427 2353 1609 2402 frequen-

89 2413 148 2440 ter
169 2413 351 2449 tantoque
372 2415 484 2448 opere
505 2403 769 2445 commutatis,
798 2403 857 2438 vix
881 2414 1027 2450 purem5
1063 2415 1125 2443 ut,
1161 2403 1366 2439 momentis
1392 2401 1433 2438 in
1453 2415 1609 2440 omnem

90 2461 234 2499 partem
253 2448 462 2498 pensitatis,
496 2451 678 2488 iudicium
699 2452 940 2489 coniiciendo
959 2452 1046 2488 ferri
1067 2451 1194 2498 poslit,
1231 2452 1364 2500 plusne
1382 2451 1426 2489 fit
1451 2452 1485 2489 ei
1519 2450 1610 2489 fidei

88 2499 325 2543 habendum,
362 2511 476 2547 quum
495 2513 550 2537 res
574 2501 697 2545 domi,
733 2514 844 2550 quam
865 2512 981 2549 quum
1003 2513 1059 2537 res
1081 2501 1196 2541 soris,
1232 2501 1368 2550 gestas,
1403 2513 1521 2549 quum
1549 2513 1610 2538 res

89 2548 315 2590 commodi,
341 2559 403 2585 aut
423 2549 571 2591 Severi,
599 2563 709 2598 quam
729 2563 844 2598 quum
865 2551 1048 2591 alioruin,
1079 2560 1216 2586 narrat.
1270 2550 1450 2591 Interim,
1480 2548 1504 2586 fi
1524 2550 1611 2599 quis

89 2600 238 2638 tendat.
274 2598 308 2634 ei
330 2597 452 2635 minus
472 2597 664 2636 fidendum
683 2601 723 2638 in
746 2600 804 2637 his
825 2601 907 2641 effe,
937 2612 1031 2645 quae
1051 2599 1098 2636 de
1119 2599 1331 2635 Commodo
1348 2599 1474 2641 tradit.
1496 2612 1610 2647 quarn

8 2670 22 2681 t
90 2659 186 2696 quae
206 2647 251 2683 de
272 2647 422 2695 reliquis
440 2647 727 2695 imperatoribus
741 2675 751 2691 ,
781 2662 861 2687 eam
879 2649 993 2696 ipsam
1014 2650 1062 2685 ob
1087 2648 1241 2685 caussam
1256 2674 1265 2690 ,
1303 2647 1406 2697 quod
1425 2648 1461 2684 se
1483 2649 1610 2696 publi-

89 2695 144 2734 cis
163 2695 378 2736 muneribus
399 2695 589 2736 admissum
609 2698 716 2743 dicit,
745 2711 860 2747 quum
881 2698 960 2748 post
980 2697 1168 2738 disceffum
1181 2697 1383 2738 Commodi
1405 2696 1606 2738 minimum
