<?xml version="1.0" encoding="UTF-8"?>
<!DOCTYPE html PUBLIC "-//W3C//DTD XHTML 1.0 Transitional//EN"
    "http://www.w3.org/TR/xhtml1/DTD/xhtml1-transitional.dtd">
<html xmlns="http://www.w3.org/1999/xhtml" xml:lang="en" lang="en">
 <head>
  <title>
</title>
<meta http-equiv="Content-Type" content="text/html;charset=utf-8" />
  <meta name='ocr-system' content='tesseract 3.04.00' />
  <meta name='ocr-capabilities' content='ocr_page ocr_carea ocr_par ocr_line ocrx_word'/>
</head>
<body>
  <div class='ocr_page' id='page_1' title='image "./historiarumlibri01hero_0861.png"; bbox 0 0 1772 3158; ppageno 0'>
   <div class='ocr_carea' id='block_1_1' title="bbox 0 0 22 42">
    <p class='ocr_par' dir='ltr' id='par_1_1' title="bbox 0 0 22 42">
     <span class='ocr_line' id='line_1_1' title="bbox 0 0 22 42; baseline 0 -41"><span class='ocrx_word' id='word_1_1' title='bbox 0 0 3 42; x_wconf 40' lang='lat'>[</span> <span class='ocrx_word' id='word_1_2' title='bbox 19 0 22 1; x_wconf 10' lang='grc' dir='ltr'><em>γ</em></span> 
     </span>
    </p>
   </div>
   <div class='ocr_carea' id='block_1_2' title="bbox 0 108 1522 247">
    <p class='ocr_par' dir='ltr' id='par_1_2' title="bbox 0 108 1522 247">
     <span class='ocr_line' id='line_1_2' title="bbox 0 108 1522 213; baseline 0.007 -21"><span class='ocrx_word' id='word_1_3' title='bbox 0 108 2 192; x_wconf 63' lang='lat' dir='ltr'>l</span> <span class='ocrx_word' id='word_1_4' title='bbox 419 143 716 200; x_wconf 78' lang='lat' dir='ltr'>EXCVRSVS</span> <span class='ocrx_word' id='word_1_5' title='bbox 748 152 831 196; x_wconf 88' lang='lat' dir='ltr'>AD</span> <span class='ocrx_word' id='word_1_6' title='bbox 871 151 1017 196; x_wconf 82' lang='lat' dir='ltr'><strong>LIBR.</strong></span> <span class='ocrx_word' id='word_1_7' title='bbox 1049 151 1092 196; x_wconf 73' lang='lat'>1.</span> <span class='ocrx_word' id='word_1_8' title='bbox 1418 167 1522 213; x_wconf 74' lang='lat'>799</span> 
     </span>
     <span class='ocr_line' id='line_1_3' title="bbox 0 219 2 247; baseline 0 0"><span class='ocrx_word' id='word_1_9' title='bbox 0 219 2 247; x_wconf 65' lang='lat' dir='ltr'>l</span> 
     </span>
    </p>
   </div>
   <div class='ocr_carea' id='block_1_3' title="bbox 0 250 1610 2535">
    <p class='ocr_par' dir='ltr' id='par_1_3' title="bbox 0 250 1544 893">
     <span class='ocr_line' id='line_1_4' title="bbox 0 250 1530 316; baseline -0.003 -9"><span class='ocrx_word' id='word_1_10' title='bbox 0 250 1 277; x_wconf 22' lang='grc' dir='ltr'><strong><em>Ἰ</em></strong></span> <span class='ocrx_word' id='word_1_11' title='bbox 27 269 113 308; x_wconf 76' lang='lat' dir='ltr'>dam</span> <span class='ocrx_word' id='word_1_12' title='bbox 134 278 176 306; x_wconf 85' lang='lat' dir='ltr'>ac</span> <span class='ocrx_word' id='word_1_13' title='bbox 193 267 422 310; x_wconf 83' lang='lat' dir='ltr'>motionem,</span> <span class='ocrx_word' id='word_1_14' title='bbox 456 264 505 301; x_wconf 91' lang='lat' dir='ltr'>cf.</span> <span class='ocrx_word' id='word_1_15' title='bbox 526 277 559 300; x_wconf 89' lang='lat' dir='ltr'>v.</span> <span class='ocrx_word' id='word_1_16' title='bbox 579 277 611 300; x_wconf 92' lang='lat' dir='ltr'>c.</span> <span class='ocrx_word' id='word_1_17' title='bbox 639 261 786 299; x_wconf 85' lang='lat' dir='ltr'>Aristor.</span> <span class='ocrx_word' id='word_1_18' title='bbox 806 259 910 308; x_wconf 79' lang='lat' dir='ltr'>Phys.</span> <span class='ocrx_word' id='word_1_19' title='bbox 932 274 967 306; x_wconf 77' lang='lat'>4,</span> <span class='ocrx_word' id='word_1_20' title='bbox 995 261 1116 316; x_wconf 42' lang='lat' dir='ltr'>123it.</span> <span class='ocrx_word' id='word_1_21' title='bbox 1138 260 1186 300; x_wconf 87' lang='lat' dir='ltr'>de</span> <span class='ocrx_word' id='word_1_22' title='bbox 1201 266 1309 303; x_wconf 81' lang='lat' dir='ltr'>coelo</span> <span class='ocrx_word' id='word_1_23' title='bbox 1333 277 1367 308; x_wconf 86' lang='lat'>1,</span> <span class='ocrx_word' id='word_1_24' title='bbox 1386 278 1419 311; x_wconf 82' lang='lat'>9·</span> <span class='ocrx_word' id='word_1_25' title='bbox 1448 266 1530 306; x_wconf 72' lang='lat' dir='ltr'>fere</span> 
     </span>
     <span class='ocr_line' id='line_1_5' title="bbox 29 311 1532 364; baseline -0.001 -9"><span class='ocrx_word' id='word_1_26' title='bbox 29 331 124 358; x_wconf 82' lang='lat' dir='ltr'>extr.</span> <span class='ocrx_word' id='word_1_27' title='bbox 141 342 152 360; x_wconf 92' lang='lat'><strong><em>‚</em></strong></span> <span class='ocrx_word' id='word_1_28' title='bbox 187 318 249 355; x_wconf 91' lang='lat' dir='ltr'>ubi</span> <span class='ocrx_word' id='word_1_29' title='bbox 267 324 408 360; x_wconf 66' lang='grc' dir='ltr'>κίνησις,</span> <span class='ocrx_word' id='word_1_30' title='bbox 436 314 561 351; x_wconf 85' lang='lat' dir='ltr'>nostro</span> <span class='ocrx_word' id='word_1_31' title='bbox 574 324 610 360; x_wconf 79' lang='grc' dir='ltr'>φ.</span> <span class='ocrx_word' id='word_1_32' title='bbox 627 313 703 360; x_wconf 86' lang='lat' dir='ltr'>syn·</span> <span class='ocrx_word' id='word_1_33' title='bbox 716 337 727 354; x_wconf 92' lang='lat'>‚</span> <span class='ocrx_word' id='word_1_34' title='bbox 752 323 832 347; x_wconf 87' lang='lat' dir='ltr'>tum</span> <span class='ocrx_word' id='word_1_35' title='bbox 853 311 954 358; x_wconf 77' lang='lat' dir='ltr'>quod</span> <span class='ocrx_word' id='word_1_36' title='bbox 968 319 1014 364; x_wconf 58' lang='lat'>9.</span> <span class='ocrx_word' id='word_1_37' title='bbox 1033 311 1195 349; x_wconf 75' lang='lat' dir='ltr'>vidimus</span> <span class='ocrx_word' id='word_1_38' title='bbox 1214 315 1285 351; x_wconf 80' lang='lat' dir='ltr'>else</span> <span class='ocrx_word' id='word_1_39' title='bbox 1302 324 1532 363; x_wconf 78' lang='lat' dir='ltr'>proventum,</span> 
     </span>
     <span class='ocr_line' id='line_1_6' title="bbox 30 359 1535 416; baseline 0.004 -20"><span class='ocrx_word' id='word_1_40' title='bbox 30 368 56 404; x_wconf 78' lang='lat' dir='ltr'>j,</span> <span class='ocrx_word' id='word_1_41' title='bbox 76 366 260 416; x_wconf 70' lang='lat' dir='ltr'>quidquid</span> <span class='ocrx_word' id='word_1_42' title='bbox 279 367 425 406; x_wconf 82' lang='lat' dir='ltr'>veniat,</span> <span class='ocrx_word' id='word_1_43' title='bbox 450 364 610 404; x_wconf 88' lang='lat' dir='ltr'>oriatur,</span> <span class='ocrx_word' id='word_1_44' title='bbox 636 360 844 408; x_wconf 85' lang='lat' dir='ltr'>proferatur</span> <span class='ocrx_word' id='word_1_45' title='bbox 866 362 909 394; x_wconf 86' lang='lat' dir='ltr'>ab</span> <span class='ocrx_word' id='word_1_46' title='bbox 931 359 1052 405; x_wconf 72' lang='lat' dir='ltr'>aliqua</span> <span class='ocrx_word' id='word_1_47' title='bbox 1073 372 1131 402; x_wconf 89' lang='lat' dir='ltr'>re,</span> <span class='ocrx_word' id='word_1_48' title='bbox 1167 362 1190 398; x_wconf 86' lang='lat' dir='ltr'>i.</span> <span class='ocrx_word' id='word_1_49' title='bbox 1208 375 1243 411; x_wconf 81' lang='lat' dir='ltr'>q.</span> <span class='ocrx_word' id='word_1_50' title='bbox 1264 366 1466 410; x_wconf 85' lang='lat' dir='ltr'>adventus,</span> <span class='ocrx_word' id='word_1_51' title='bbox 1493 378 1535 405; x_wconf 81' lang='lat' dir='ltr'>et</span> 
     </span>
     <span class='ocr_line' id='line_1_7' title="bbox 31 408 1538 466; baseline 0.001 -15"><span class='ocrx_word' id='word_1_52' title='bbox 31 416 213 466; x_wconf 84' lang='lat' dir='ltr'>quidquid</span> <span class='ocrx_word' id='word_1_53' title='bbox 233 414 415 455; x_wconf 82' lang='lat' dir='ltr'>succedit,</span> <span class='ocrx_word' id='word_1_54' title='bbox 446 413 547 448; x_wconf 82' lang='lat' dir='ltr'>unde</span> <span class='ocrx_word' id='word_1_55' title='bbox 565 411 669 457; x_wconf 89' lang='lat' dir='ltr'>supra</span> <span class='ocrx_word' id='word_1_56' title='bbox 692 408 953 457; x_wconf 64' lang='lat' dir='ltr'>Gs.succeffiis,</span> <span class='ocrx_word' id='word_1_57' title='bbox 982 419 1020 444; x_wconf 87' lang='lat' dir='ltr'>et</span> <span class='ocrx_word' id='word_1_58' title='bbox 1037 413 1121 444; x_wconf 80' lang='lat' dir='ltr'>cu&#39;m</span> <span class='ocrx_word' id='word_1_59' title='bbox 1137 409 1279 459; x_wconf 83' lang='lat' dir='ltr'>ahquid</span> <span class='ocrx_word' id='word_1_60' title='bbox 1296 414 1416 458; x_wconf 81' lang='lat' dir='ltr'>cadit,</span> <span class='ocrx_word' id='word_1_61' title='bbox 1442 417 1538 453; x_wconf 83' lang='lat' dir='ltr'>acci-</span> 
     </span>
     <span class='ocr_line' id='line_1_8' title="bbox 34 458 1536 515; baseline -0.002 -15"><span class='ocrx_word' id='word_1_62' title='bbox 34 466 112 506; x_wconf 81' lang='lat' dir='ltr'>dit,</span> <span class='ocrx_word' id='word_1_63' title='bbox 148 463 245 500; x_wconf 90' lang='lat' dir='ltr'>unde</span> <span class='ocrx_word' id='word_1_64' title='bbox 266 464 367 510; x_wconf 81' lang='lat' dir='ltr'>supra</span> <span class='ocrx_word' id='word_1_65' title='bbox 384 475 442 510; x_wconf 83' lang='lat' dir='ltr'>ap.</span> <span class='ocrx_word' id='word_1_66' title='bbox 462 462 564 496; x_wconf 77' lang='lat' dir='ltr'>Suid.</span> <span class='ocrx_word' id='word_1_67' title='bbox 582 459 677 508; x_wconf 72' lang='lat' dir='ltr'>cafics</span> <span class='ocrx_word' id='word_1_68' title='bbox 690 483 700 499; x_wconf 87' lang='lat'>,</span> <span class='ocrx_word' id='word_1_69' title='bbox 736 471 847 507; x_wconf 85' lang='lat' dir='ltr'>porro</span> <span class='ocrx_word' id='word_1_70' title='bbox 868 458 968 505; x_wconf 82' lang='lat' dir='ltr'>quod</span> <span class='ocrx_word' id='word_1_71' title='bbox 987 463 1087 501; x_wconf 66' lang='grc' dir='ltr'><strong><em>’γενεὰ</em></strong></span> <span class='ocrx_word' id='word_1_72' title='bbox 1113 459 1283 508; x_wconf 86' lang='lat' dir='ltr'>(proprie</span> <span class='ocrx_word' id='word_1_73' title='bbox 1301 462 1386 500; x_wconf 72' lang='lat' dir='ltr'>Lat.</span> <span class='ocrx_word' id='word_1_74' title='bbox 1403 474 1536 515; x_wconf 75' lang='lat' dir='ltr'>proge-</span> 
     </span>
     <span class='ocr_line' id='line_1_9' title="bbox 32 507 1538 562; baseline -0.003 -12"><span class='ocrx_word' id='word_1_75' title='bbox 32 514 131 555; x_wconf 83' lang='lat' dir='ltr'>m‘es,</span> <span class='ocrx_word' id='word_1_76' title='bbox 164 513 186 548; x_wconf 86' lang='lat' dir='ltr'>i.</span> <span class='ocrx_word' id='word_1_77' title='bbox 208 512 401 553; x_wconf 86' lang='lat' dir='ltr'>homines,</span> <span class='ocrx_word' id='word_1_78' title='bbox 442 511 486 546; x_wconf 88' lang='lat' dir='ltr'>ab</span> <span class='ocrx_word' id='word_1_79' title='bbox 517 508 596 544; x_wconf 82' lang='lat' dir='ltr'>aliis</span> <span class='ocrx_word' id='word_1_80' title='bbox 628 508 794 556; x_wconf 88' lang='lat' dir='ltr'>generati</span> <span class='ocrx_word' id='word_1_81' title='bbox 821 507 990 555; x_wconf 85' lang='lat' dir='ltr'>ortique,</span> <span class='ocrx_word' id='word_1_82' title='bbox 1033 518 1118 544; x_wconf 88' lang='lat' dir='ltr'>cum</span> <span class='ocrx_word' id='word_1_83' title='bbox 1149 510 1229 545; x_wconf 88' lang='lat' dir='ltr'>Lat.</span> <span class='ocrx_word' id='word_1_84' title='bbox 1258 523 1314 558; x_wconf 89' lang='lat' dir='ltr'>pr.</span> <span class='ocrx_word' id='word_1_85' title='bbox 1337 521 1538 562; x_wconf 67' lang='lat' dir='ltr'>proventus</span> 
     </span>
     <span class='ocr_line' id='line_1_10' title="bbox 33 555 1544 611; baseline 0.001 -12"><span class='ocrx_word' id='word_1_86' title='bbox 33 562 309 611; x_wconf 84' lang='lat' dir='ltr'>quodammodo</span> <span class='ocrx_word' id='word_1_87' title='bbox 330 558 590 604; x_wconf 80' lang='lat' dir='ltr'>conveniens‚)</span> <span class='ocrx_word' id='word_1_88' title='bbox 610 558 721 593; x_wconf 87' lang='lat' dir='ltr'>etiam</span> <span class='ocrx_word' id='word_1_89' title='bbox 739 555 933 603; x_wconf 85' lang='lat' dir='ltr'>usurpatur</span> <span class='ocrx_word' id='word_1_90' title='bbox 946 555 991 592; x_wconf 86' lang='lat' dir='ltr'>de</span> <span class='ocrx_word' id='word_1_91' title='bbox 1009 566 1128 593; x_wconf 86' lang='lat' dir='ltr'>aetate</span> <span class='ocrx_word' id='word_1_92' title='bbox 1146 570 1187 593; x_wconf 88' lang='lat' dir='ltr'>ac</span> <span class='ocrx_word' id='word_1_93' title='bbox 1207 568 1397 607; x_wconf 82' lang='lat' dir='ltr'>ternpore,-</span> <span class='ocrx_word' id='word_1_94' title='bbox 1423 576 1544 611; x_wconf 67' lang='lat' dir='ltr'>quam,</span> 
     </span>
     <span class='ocr_line' id='line_1_11' title="bbox 33 606 1541 661; baseline -0.003 -14"><span class='ocrx_word' id='word_1_95' title='bbox 33 623 142 658; x_wconf 83' lang='lat' dir='ltr'>quam</span> <span class='ocrx_word' id='word_1_96' title='bbox 163 608 253 646; x_wconf 90' lang='lat' dir='ltr'>certi</span> <span class='ocrx_word' id='word_1_97' title='bbox 283 607 425 658; x_wconf 86' lang='lat' dir='ltr'>generis</span> <span class='ocrx_word' id='word_1_98' title='bbox 449 618 592 644; x_wconf 84' lang='lat' dir='ltr'>tantum</span> <span class='ocrx_word' id='word_1_99' title='bbox 618 617 657 642; x_wconf 88' lang='lat' dir='ltr'>et</span> <span class='ocrx_word' id='word_1_100' title='bbox 672 618 860 642; x_wconf 82' lang='lat' dir='ltr'>certorum</span> <span class='ocrx_word' id='word_1_101' title='bbox 881 606 1117 657; x_wconf 81' lang='lat' dir='ltr'>quorundam</span> <span class='ocrx_word' id='word_1_102' title='bbox 1138 618 1338 647; x_wconf 84' lang='lat' dir='ltr'>annorum,</span> <span class='ocrx_word' id='word_1_103' title='bbox 1388 613 1541 661; x_wconf 62' lang='lat' dir='ltr'>Qibug</span> 
     </span>
     <span class='ocr_line' id='line_1_12' title="bbox 34 655 1541 703; baseline -0.003 -7"><span class='ocrx_word' id='word_1_104' title='bbox 34 671 161 696; x_wconf 84' lang='lat' dir='ltr'>tamen</span> <span class='ocrx_word' id='word_1_105' title='bbox 178 671 256 694; x_wconf 86' lang='lat' dir='ltr'>non</span> <span class='ocrx_word' id='word_1_106' title='bbox 275 658 432 693; x_wconf 85' lang='lat' dir='ltr'>multum</span> <span class='ocrx_word' id='word_1_107' title='bbox 454 657 601 698; x_wconf 82' lang='lat' dir='ltr'>tribuo,</span> <span class='ocrx_word' id='word_1_108' title='bbox 635 655 836 702; x_wconf 85' lang='lat' dir='ltr'>suspicans,</span> <span class='ocrx_word' id='word_1_109' title='bbox 871 656 917 690; x_wconf 91' lang='lat' dir='ltr'>ad</span> <span class='ocrx_word' id='word_1_110' title='bbox 938 657 973 690; x_wconf 86' lang='lat' dir='ltr'>S.</span> <span class='ocrx_word' id='word_1_111' title='bbox 992 655 1098 703; x_wconf 82' lang='lat' dir='ltr'>Emp.</span> <span class='ocrx_word' id='word_1_112' title='bbox 1117 656 1195 693; x_wconf 87' lang='lat' dir='ltr'>Lat.</span> <span class='ocrx_word' id='word_1_113' title='bbox 1214 656 1313 696; x_wconf 73' lang='lat' dir='ltr'>illud</span> <span class='ocrx_word' id='word_1_114' title='bbox 1332 671 1435 698; x_wconf 67' lang='lat' dir='ltr'>aetas</span> <span class='ocrx_word' id='word_1_115' title='bbox 1457 673 1541 701; x_wconf 74' lang='lat' dir='ltr'>non</span> 
     </span>
     <span class='ocr_line' id='line_1_13' title="bbox 33 703 1540 759; baseline 0.003 -14"><span class='ocrx_word' id='word_1_116' title='bbox 33 710 83 745; x_wconf 83' lang='lat' dir='ltr'>de</span> <span class='ocrx_word' id='word_1_117' title='bbox 103 720 270 755; x_wconf 86' lang='lat' dir='ltr'>tempore</span> <span class='ocrx_word' id='word_1_118' title='bbox 289 707 450 742; x_wconf 86' lang='lat' dir='ltr'>sumtum</span> <span class='ocrx_word' id='word_1_119' title='bbox 469 705 560 747; x_wconf 79' lang='lat' dir='ltr'>effe,</span> <span class='ocrx_word' id='word_1_120' title='bbox 590 703 650 741; x_wconf 87' lang='lat' dir='ltr'>sed</span> <span class='ocrx_word' id='word_1_121' title='bbox 671 703 797 752; x_wconf 86' lang='lat' dir='ltr'>potius</span> <span class='ocrx_word' id='word_1_122' title='bbox 816 706 861 741; x_wconf 93' lang='lat' dir='ltr'>de</span> <span class='ocrx_word' id='word_1_123' title='bbox 880 703 947 746; x_wconf 82' lang='lat' dir='ltr'>iis,</span> <span class='ocrx_word' id='word_1_124' title='bbox 981 715 1076 752; x_wconf 84' lang='lat' dir='ltr'>quae</span> <span class='ocrx_word' id='word_1_125' title='bbox 1094 704 1135 742; x_wconf 80' lang='lat' dir='ltr'>in</span> <span class='ocrx_word' id='word_1_126' title='bbox 1154 717 1279 746; x_wconf 83' lang='lat' dir='ltr'>aetate</span> <span class='ocrx_word' id='word_1_127' title='bbox 1297 723 1339 747; x_wconf 88' lang='lat' dir='ltr'>ac</span> <span class='ocrx_word' id='word_1_128' title='bbox 1366 722 1540 759; x_wconf 82' lang='lat' dir='ltr'>tempore</span> 
     </span>
     <span class='ocr_line' id='line_1_14' title="bbox 34 754 1543 805; baseline 0.005 -13"><span class='ocrx_word' id='word_1_129' title='bbox 34 758 142 797; x_wconf 84' lang='lat' dir='ltr'>sunt,</span> <span class='ocrx_word' id='word_1_130' title='bbox 182 755 278 791; x_wconf 86' lang='lat' dir='ltr'>fiunt</span> <span class='ocrx_word' id='word_1_131' title='bbox 304 767 342 791; x_wconf 82' lang='lat' dir='ltr'>et</span> <span class='ocrx_word' id='word_1_132' title='bbox 364 765 609 803; x_wconf 86' lang='lat' dir='ltr'>generantur,</span> <span class='ocrx_word' id='word_1_133' title='bbox 644 754 682 789; x_wconf 87' lang='lat' dir='ltr'>h.</span> <span class='ocrx_word' id='word_1_134' title='bbox 704 766 734 788; x_wconf 92' lang='lat' dir='ltr'>e.</span> <span class='ocrx_word' id='word_1_135' title='bbox 761 765 828 800; x_wconf 86' lang='lat' dir='ltr'>pro</span> <span class='ocrx_word' id='word_1_136' title='bbox 854 758 955 798; x_wconf 63' lang='grc' dir='ltr'><strong><em>γενεὰ</em></strong></span> <span class='ocrx_word' id='word_1_137' title='bbox 976 756 1022 790; x_wconf 88' lang='lat' dir='ltr'>de</span> <span class='ocrx_word' id='word_1_138' title='bbox 1043 756 1226 805; x_wconf 73' lang='lat' dir='ltr'>progenie</span> <span class='ocrx_word' id='word_1_139' title='bbox 1254 770 1294 796; x_wconf 89' lang='lat' dir='ltr'>et</span> <span class='ocrx_word' id='word_1_140' title='bbox 1322 761 1543 799; x_wconf 87' lang='lat' dir='ltr'>hominibus</span> 
     </span>
     <span class='ocr_line' id='line_1_15' title="bbox 36 802 1542 857; baseline 0.003 -17"><span class='ocrx_word' id='word_1_141' title='bbox 36 804 189 842; x_wconf 82' lang='lat' dir='ltr'>alicuius</span> <span class='ocrx_word' id='word_1_142' title='bbox 208 803 335 841; x_wconf 83' lang='lat' dir='ltr'>aetatis</span> <span class='ocrx_word' id='word_1_143' title='bbox 358 814 396 839; x_wconf 89' lang='lat' dir='ltr'>et</span> <span class='ocrx_word' id='word_1_144' title='bbox 414 802 616 851; x_wconf 77' lang='lat' dir='ltr'>temporiS,</span> <span class='ocrx_word' id='word_1_145' title='bbox 643 802 692 839; x_wconf 90' lang='lat' dir='ltr'>cf.</span> <span class='ocrx_word' id='word_1_146' title='bbox 709 803 756 838; x_wconf 88' lang='lat' dir='ltr'>G.</span> <span class='ocrx_word' id='word_1_147' title='bbox 778 803 850 843; x_wconf 82' lang='lat' dir='ltr'>Th,</span> <span class='ocrx_word' id='word_1_148' title='bbox 876 812 956 846; x_wconf 80' lang='lat'>178,</span> <span class='ocrx_word' id='word_1_149' title='bbox 973 814 1032 848; x_wconf 79' lang='lat'>90.</span> <span class='ocrx_word' id='word_1_150' title='bbox 1045 805 1124 853; x_wconf 87' lang='lat' dir='ltr'>sqq.</span> <span class='ocrx_word' id='word_1_151' title='bbox 1152 816 1236 852; x_wconf 85' lang='lat'><em>180,</em></span> <span class='ocrx_word' id='word_1_152' title='bbox 1257 819 1315 857; x_wconf 76' lang='lat'>13.</span> <span class='ocrx_word' id='word_1_153' title='bbox 1344 823 1428 848; x_wconf 85' lang='lat' dir='ltr'>cum</span> <span class='ocrx_word' id='word_1_154' title='bbox 1457 811 1542 848; x_wconf 82' lang='lat' dir='ltr'>lud.</span> 
     </span>
     <span class='ocr_line' id='line_1_16' title="bbox 33 853 371 893; baseline -0.015 0"><span class='ocrx_word' id='word_1_155' title='bbox 33 854 115 893; x_wconf 84' lang='lat' dir='ltr'>lust.</span> <span class='ocrx_word' id='word_1_156' title='bbox 135 866 174 891; x_wconf 90' lang='lat' dir='ltr'>et</span> <span class='ocrx_word' id='word_1_157' title='bbox 194 855 306 889; x_wconf 85' lang='lat' dir='ltr'>Corn.</span> <span class='ocrx_word' id='word_1_158' title='bbox 324 853 371 890; x_wconf 90' lang='lat' dir='ltr'>N.</span> 
     </span>
    </p>

    <p class='ocr_par' dir='ltr' id='par_1_4' title="bbox 37 898 1544 1007">
     <span class='ocr_line' id='line_1_17' title="bbox 137 898 1544 949; baseline 0.006 -11"><span class='ocrx_word' id='word_1_159' title='bbox 137 904 232 943; x_wconf 84' lang='lat' dir='ltr'>lam,</span> <span class='ocrx_word' id='word_1_160' title='bbox 258 914 341 939; x_wconf 88' lang='lat' dir='ltr'>cum</span> <span class='ocrx_word' id='word_1_161' title='bbox 362 901 516 944; x_wconf 87' lang='lat' dir='ltr'>constet,</span> <span class='ocrx_word' id='word_1_162' title='bbox 545 906 647 947; x_wconf 63' lang='grc' dir='ltr'><strong><em>φορὰν</em></strong></span> <span class='ocrx_word' id='word_1_163' title='bbox 667 898 866 948; x_wconf 81' lang='lat' dir='ltr'>fignificare</span> <span class='ocrx_word' id='word_1_164' title='bbox 883 912 1028 938; x_wconf 84' lang='lat' dir='ltr'>motum</span> <span class='ocrx_word' id='word_1_165' title='bbox 1047 913 1085 940; x_wconf 90' lang='lat' dir='ltr'>et</span> <span class='ocrx_word' id='word_1_166' title='bbox 1106 904 1265 949; x_wconf 86' lang='lat' dir='ltr'>cursum,</span> <span class='ocrx_word' id='word_1_167' title='bbox 1293 907 1336 946; x_wconf 87' lang='lat' dir='ltr'>it.</span> <span class='ocrx_word' id='word_1_168' title='bbox 1357 908 1544 948; x_wconf 80' lang='lat' dir='ltr'>suceessio-</span> 
     </span>
     <span class='ocr_line' id='line_1_18' title="bbox 37 949 1544 1007; baseline 0.013 -29"><span class='ocrx_word' id='word_1_169' title='bbox 37 964 145 990; x_wconf 57' lang='lat' dir='ltr'>nen„</span> <span class='ocrx_word' id='word_1_170' title='bbox 179 950 267 987; x_wconf 78' lang='lat' dir='ltr'>hinc</span> <span class='ocrx_word' id='word_1_171' title='bbox 284 949 304 993; x_wconf 73' lang='grc' dir='ltr'><strong><em>ἧ</em></strong></span> <span class='ocrx_word' id='word_1_172' title='bbox 321 960 385 989; x_wconf 68' lang='grc' dir='ltr'>τῶν</span> <span class='ocrx_word' id='word_1_173' title='bbox 406 969 433 988; x_wconf 77' lang='grc' dir='ltr'>κ.</span> <span class='ocrx_word' id='word_1_174' title='bbox 457 961 495 997; x_wconf 82' lang='grc' dir='ltr'>φ.</span> <span class='ocrx_word' id='word_1_175' title='bbox 517 961 630 999; x_wconf 87' lang='lat' dir='ltr'>queat</span> <span class='ocrx_word' id='word_1_176' title='bbox 655 952 723 988; x_wconf 86' lang='lat' dir='ltr'>ell&#39;e</span> <span class='ocrx_word' id='word_1_177' title='bbox 749 949 909 987; x_wconf 83' lang='lat' dir='ltr'>nostrum</span> <span class='ocrx_word' id='word_1_178' title='bbox 929 952 1115 1002; x_wconf 80' lang='lat' dir='ltr'>Zeitlauf‚</span> <span class='ocrx_word' id='word_1_179' title='bbox 1151 967 1189 991; x_wconf 88' lang='lat' dir='ltr'>et</span> <span class='ocrx_word' id='word_1_180' title='bbox 1212 957 1290 994; x_wconf 84' lang='lat' dir='ltr'>Lat.</span> <span class='ocrx_word' id='word_1_181' title='bbox 1311 959 1432 1007; x_wconf 67' lang='lat' dir='ltr'>cursus·</span> <span class='ocrx_word' id='word_1_182' title='bbox 1455 970 1544 996; x_wconf 80' lang='lat' dir='ltr'>tem-</span> 
     </span>
    </p>

    <p class='ocr_par' dir='ltr' id='par_1_5' title="bbox 0 999 1610 2438">
     <span class='ocr_line' id='line_1_19' title="bbox 0 999 1545 1057; baseline 0.006 -20"><span class='ocrx_word' id='word_1_183' title='bbox 0 1032 1 1037; x_wconf 65' lang='lat'>,</span> <span class='ocrx_word' id='word_1_184' title='bbox 36 1012 161 1052; x_wconf 79' lang='lat' dir='ltr'>porum</span> <span class='ocrx_word' id='word_1_185' title='bbox 179 1000 204 1036; x_wconf 89' lang='lat' dir='ltr'>s.</span> <span class='ocrx_word' id='word_1_186' title='bbox 231 1001 416 1048; x_wconf 82' lang='lat' dir='ltr'>temporis,</span> <span class='ocrx_word' id='word_1_187' title='bbox 446 1000 580 1048; x_wconf 88' lang='lat' dir='ltr'>quibus</span> <span class='ocrx_word' id='word_1_188' title='bbox 599 1011 637 1035; x_wconf 84' lang='lat' dir='ltr'>et</span> <span class='ocrx_word' id='word_1_189' title='bbox 654 1001 706 1036; x_wconf 89' lang='lat' dir='ltr'>dr.</span> <span class='ocrx_word' id='word_1_190' title='bbox 727 999 846 1048; x_wconf 76' lang='lat' dir='ltr'>cursus</span> <span class='ocrx_word' id='word_1_191' title='bbox 865 1002 1021 1043; x_wconf 75' lang='lat' dir='ltr'>aetatis,</span> <span class='ocrx_word' id='word_1_192' title='bbox 1046 1002 1087 1039; x_wconf 85' lang='lat' dir='ltr'>ir.</span> <span class='ocrx_word' id='word_1_193' title='bbox 1107 1004 1270 1054; x_wconf 82' lang='lat' dir='ltr'>decursus</span> <span class='ocrx_word' id='word_1_194' title='bbox 1293 1011 1473 1057; x_wconf 83' lang='lat' dir='ltr'>temporis,</span> <span class='ocrx_word' id='word_1_195' title='bbox 1499 1010 1545 1047; x_wconf 74' lang='lat' dir='ltr'>it·-</span> 
     </span>
     <span class='ocr_line' id='line_1_20' title="bbox 37 1049 1546 1105; baseline 0.007 -20"><span class='ocrx_word' id='word_1_196' title='bbox 37 1061 151 1088; x_wconf 83' lang='lat' dir='ltr'>motus</span> <span class='ocrx_word' id='word_1_197' title='bbox 171 1050 357 1097; x_wconf 83' lang='lat' dir='ltr'>temporis,</span> <span class='ocrx_word' id='word_1_198' title='bbox 384 1049 425 1086; x_wconf 88' lang='lat' dir='ltr'>it.</span> <span class='ocrx_word' id='word_1_199' title='bbox 444 1050 578 1085; x_wconf 82' lang='lat' dir='ltr'>aetatis</span> <span class='ocrx_word' id='word_1_200' title='bbox 589 1049 707 1098; x_wconf 83' lang='lat' dir='ltr'>flexus</span> <span class='ocrx_word' id='word_1_201' title='bbox 723 1059 761 1084; x_wconf 84' lang='lat' dir='ltr'>et</span> <span class='ocrx_word' id='word_1_202' title='bbox 779 1050 887 1094; x_wconf 69' lang='lat' dir='ltr'>ruina</span> <span class='ocrx_word' id='word_1_203' title='bbox 899 1074 910 1092; x_wconf 90' lang='lat'><strong>,</strong></span> <span class='ocrx_word' id='word_1_204' title='bbox 933 1052 1054 1098; x_wconf 88' lang='lat' dir='ltr'>(quod</span> <span class='ocrx_word' id='word_1_205' title='bbox 1076 1065 1140 1098; x_wconf 84' lang='lat' dir='ltr'>par</span> <span class='ocrx_word' id='word_1_206' title='bbox 1156 1053 1336 1102; x_wconf 81' lang='lat' dir='ltr'>superiori</span> <span class='ocrx_word' id='word_1_207' title='bbox 1354 1058 1483 1105; x_wconf 80' lang='lat' dir='ltr'>casus‚)</span> <span class='ocrx_word' id='word_1_208' title='bbox 1501 1058 1546 1096; x_wconf 72' lang='lat' dir='ltr'>it.</span> 
     </span>
     <span class='ocr_line' id='line_1_21' title="bbox 39 1098 1553 1153; baseline 0.007 -19"><span class='ocrx_word' id='word_1_209' title='bbox 39 1099 182 1137; x_wconf 69' lang='lat' dir='ltr'>traHus</span> <span class='ocrx_word' id='word_1_210' title='bbox 200 1108 390 1146; x_wconf 81' lang='lat' dir='ltr'>temporum</span> <span class='ocrx_word' id='word_1_211' title='bbox 408 1111 446 1135; x_wconf 84' lang='lat' dir='ltr'>ct</span> <span class='ocrx_word' id='word_1_212' title='bbox 464 1099 568 1138; x_wconf 83' lang='lat' dir='ltr'>aevi,</span> <span class='ocrx_word' id='word_1_213' title='bbox 607 1099 709 1146; x_wconf 89' lang='lat' dir='ltr'>quod</span> <span class='ocrx_word' id='word_1_214' title='bbox 728 1098 773 1133; x_wconf 91' lang='lat' dir='ltr'>G.</span> <span class='ocrx_word' id='word_1_215' title='bbox 792 1098 866 1134; x_wconf 73' lang='lat' dir='ltr'>Th.</span> <span class='ocrx_word' id='word_1_216' title='bbox 890 1108 973 1146; x_wconf 81' lang='lat'>831,</span> <span class='ocrx_word' id='word_1_217' title='bbox 993 1112 1052 1145; x_wconf 82' lang='lat'>75.</span> <span class='ocrx_word' id='word_1_218' title='bbox 1071 1103 1150 1149; x_wconf 86' lang='lat' dir='ltr'>sqq.</span> <span class='ocrx_word' id='word_1_219' title='bbox 1170 1115 1249 1141; x_wconf 85' lang='lat' dir='ltr'>non</span> <span class='ocrx_word' id='word_1_220' title='bbox 1270 1106 1449 1153; x_wconf 79' lang='lat' dir='ltr'>explicat..</span> <span class='ocrx_word' id='word_1_221' title='bbox 1485 1107 1553 1144; x_wconf 45' lang='lat' dir='ltr'>sed*</span> 
     </span>
     <span class='ocr_line' id='line_1_22' title="bbox 40 1146 1549 1194; baseline 0.005 -9"><span class='ocrx_word' id='word_1_222' title='bbox 40 1149 101 1186; x_wconf 82' lang='lat' dir='ltr'>el.</span> <span class='ocrx_word' id='word_1_223' title='bbox 123 1147 199 1184; x_wconf 85' lang='lat' dir='ltr'>Cic.</span> <span class='ocrx_word' id='word_1_224' title='bbox 222 1148 428 1193; x_wconf 66' lang='lat' dir='ltr'>per⁸c11rssis</span> <span class='ocrx_word' id='word_1_225' title='bbox 447 1156 485 1183; x_wconf 85' lang='lat' dir='ltr'>et</span> <span class='ocrx_word' id='word_1_226' title='bbox 505 1158 650 1188; x_wconf 83' lang='lat' dir='ltr'>motus,</span> <span class='ocrx_word' id='word_1_227' title='bbox 684 1147 730 1183; x_wconf 79' lang='lat' dir='ltr'>cf.</span> <span class='ocrx_word' id='word_1_228' title='bbox 748 1147 821 1182; x_wconf 74' lang='lat' dir='ltr'>alio</span> <span class='ocrx_word' id='word_1_229' title='bbox 845 1146 953 1186; x_wconf 87' lang='lat' dir='ltr'>sensu</span> <span class='ocrx_word' id='word_1_230' title='bbox 978 1150 1059 1186; x_wconf 84' lang='lat' dir='ltr'>lnd.</span> <span class='ocrx_word' id='word_1_231' title='bbox 1079 1152 1160 1188; x_wconf 84' lang='lat' dir='ltr'>lust.</span> <span class='ocrx_word' id='word_1_232' title='bbox 1179 1152 1273 1189; x_wconf 82' lang='lat' dir='ltr'>Flor.</span> <span class='ocrx_word' id='word_1_233' title='bbox 1292 1155 1406 1192; x_wconf 87' lang='lat' dir='ltr'>Corn.</span> <span class='ocrx_word' id='word_1_234' title='bbox 1428 1157 1477 1194; x_wconf 89' lang='lat' dir='ltr'>N.</span> <span class='ocrx_word' id='word_1_235' title='bbox 1508 1167 1549 1193; x_wconf 81' lang='lat' dir='ltr'>et</span> 
     </span>
     <span class='ocr_line' id='line_1_23' title="bbox 40 1197 1552 1249; baseline 0.007 -16"><span class='ocrx_word' id='word_1_236' title='bbox 40 1199 148 1236; x_wconf 87' lang='lat' dir='ltr'>Cort.</span> <span class='ocrx_word' id='word_1_237' title='bbox 170 1197 255 1233; x_wconf 89' lang='lat' dir='ltr'>Sall.</span> <span class='ocrx_word' id='word_1_238' title='bbox 279 1207 361 1232; x_wconf 86' lang='lat' dir='ltr'>cum</span> <span class='ocrx_word' id='word_1_239' title='bbox 385 1197 479 1234; x_wconf 82' lang='lat' dir='ltr'>Vell.</span> <span class='ocrx_word' id='word_1_240' title='bbox 500 1199 572 1232; x_wconf 82' lang='lat' dir='ltr'>Pat.</span> <span class='ocrx_word' id='word_1_241' title='bbox 591 1208 621 1237; x_wconf 81' lang='lat'>1,</span> <span class='ocrx_word' id='word_1_242' title='bbox 638 1200 672 1237; x_wconf 81' lang='lat'>6,</span> <span class='ocrx_word' id='word_1_243' title='bbox 692 1210 725 1242; x_wconf 81' lang='lat'>4.</span> <span class='ocrx_word' id='word_1_244' title='bbox 756 1208 787 1238; x_wconf 84' lang='lat'>1,</span> <span class='ocrx_word' id='word_1_245' title='bbox 807 1208 840 1239; x_wconf 89' lang='lat'>7,</span> <span class='ocrx_word' id='word_1_246' title='bbox 855 1209 910 1240; x_wconf 82' lang='lat'>2.,</span> <span class='ocrx_word' id='word_1_247' title='bbox 942 1211 1101 1246; x_wconf 88' lang='lat' dir='ltr'>quorum</span> <span class='ocrx_word' id='word_1_248' title='bbox 1123 1201 1162 1238; x_wconf 88' lang='lat' dir='ltr'>in</span> <span class='ocrx_word' id='word_1_249' title='bbox 1183 1201 1303 1249; x_wconf 78' lang='lat' dir='ltr'>primo</span> <span class='ocrx_word' id='word_1_250' title='bbox 1320 1204 1406 1240; x_wconf 87' lang='lat' dir='ltr'>loco</span> <span class='ocrx_word' id='word_1_251' title='bbox 1427 1208 1552 1243; x_wconf 83' lang='lat' dir='ltr'>Inter-</span> 
     </span>
     <span class='ocr_line' id='line_1_24' title="bbox 40 1245 1551 1298; baseline 0.005 -16"><span class='ocrx_word' id='word_1_252' title='bbox 40 1258 128 1296; x_wconf 83' lang='lat' dir='ltr'>pres</span> <span class='ocrx_word' id='word_1_253' title='bbox 148 1245 263 1281; x_wconf 88' lang='lat' dir='ltr'>Vern.</span> <span class='ocrx_word' id='word_1_254' title='bbox 284 1245 323 1280; x_wconf 90' lang='lat' dir='ltr'>in</span> <span class='ocrx_word' id='word_1_255' title='bbox 347 1246 394 1281; x_wconf 92' lang='lat' dir='ltr'>N.</span> <span class='ocrx_word' id='word_1_256' title='bbox 415 1246 511 1281; x_wconf 59' lang='lat' dir='ltr'>recte</span> <span class='ocrx_word' id='word_1_257' title='bbox 535 1246 578 1281; x_wconf 83' lang='lat' dir='ltr'>ad</span> <span class='ocrx_word' id='word_1_258' title='bbox 598 1245 738 1281; x_wconf 86' lang='lat' dir='ltr'>sensum</span> <span class='ocrx_word' id='word_1_259' title='bbox 759 1245 886 1285; x_wconf 76' lang='lat' dir='ltr'>dedit,</span> <span class='ocrx_word' id='word_1_260' title='bbox 922 1259 979 1284; x_wconf 85' lang='lat' dir='ltr'>um</span> <span class='ocrx_word' id='word_1_261' title='bbox 1000 1249 1098 1286; x_wconf 88' lang='lat' dir='ltr'>diese</span> <span class='ocrx_word' id='word_1_262' title='bbox 1117 1252 1220 1295; x_wconf 77' lang='lat' dir='ltr'>Zeit3</span> <span class='ocrx_word' id='word_1_263' title='bbox 1256 1253 1359 1293; x_wconf 79' lang='lat' dir='ltr'>unde</span> <span class='ocrx_word' id='word_1_264' title='bbox 1380 1267 1418 1292; x_wconf 89' lang='lat' dir='ltr'>et</span> <span class='ocrx_word' id='word_1_265' title='bbox 1444 1256 1505 1292; x_wconf 87' lang='lat' dir='ltr'>hic</span> <span class='ocrx_word' id='word_1_266' title='bbox 1524 1253 1551 1298; x_wconf 69' lang='grc' dir='ltr'><strong><em>ἧ</em></strong></span> 
     </span>
     <span class='ocr_line' id='line_1_25' title="bbox 40 1293 1610 1352; baseline 0.006 -19"><span class='ocrx_word' id='word_1_267' title='bbox 40 1303 109 1334; x_wconf 67' lang='grc' dir='ltr'>τῶν</span> <span class='ocrx_word' id='word_1_268' title='bbox 123 1298 172 1332; x_wconf 82' lang='grc' dir='ltr'>ἐκ.</span> <span class='ocrx_word' id='word_1_269' title='bbox 193 1311 222 1330; x_wconf 78' lang='grc' dir='ltr'>κ.</span> <span class='ocrx_word' id='word_1_270' title='bbox 241 1304 277 1340; x_wconf 76' lang='grc' dir='ltr'>φ.</span> <span class='ocrx_word' id='word_1_271' title='bbox 299 1293 414 1329; x_wconf 83' lang='lat' dir='ltr'>libere</span> <span class='ocrx_word' id='word_1_272' title='bbox 433 1304 595 1330; x_wconf 78' lang='lat' dir='ltr'>vertatur</span> <span class='ocrx_word' id='word_1_273' title='bbox 613 1303 652 1329; x_wconf 81' lang='lat' dir='ltr'>et</span> <span class='ocrx_word' id='word_1_274' title='bbox 674 1293 836 1330; x_wconf 83' lang='lat' dir='ltr'>sumatur</span> <span class='ocrx_word' id='word_1_275' title='bbox 855 1308 923 1343; x_wconf 87' lang='lat' dir='ltr'>pro</span> <span class='ocrx_word' id='word_1_276' title='bbox 943 1303 975 1334; x_wconf 82' lang='grc' dir='ltr'>οἱ</span> <span class='ocrx_word' id='word_1_277' title='bbox 992 1302 1114 1336; x_wconf 79' lang='grc' dir='ltr'><strong><em>ἐκείνου</em></strong></span> <span class='ocrx_word' id='word_1_278' title='bbox 1132 1308 1238 1348; x_wconf 66' lang='grc' dir='ltr'>καιροὶ</span> <span class='ocrx_word' id='word_1_279' title='bbox 1259 1312 1298 1338; x_wconf 92' lang='lat' dir='ltr'>et</span> <span class='ocrx_word' id='word_1_280' title='bbox 1318 1302 1337 1340; x_wconf 76' lang='grc' dir='ltr'>ὅ</span> <span class='ocrx_word' id='word_1_281' title='bbox 1354 1308 1402 1341; x_wconf 83' lang='grc' dir='ltr'>ἐκ.</span> <span class='ocrx_word' id='word_1_282' title='bbox 1422 1307 1553 1352; x_wconf 57' lang='grc' dir='ltr'>καιρός,</span> <span class='ocrx_word' id='word_1_283' title='bbox 1608 1314 1610 1319; x_wconf 81' lang='lat'><em>&#39;</em></span> 
     </span>
     <span class='ocr_line' id='line_1_26' title="bbox 41 1341 1550 1398; baseline 0.01 -22"><span class='ocrx_word' id='word_1_284' title='bbox 41 1355 123 1392; x_wconf 85' lang='lat' dir='ltr'>quo</span> <span class='ocrx_word' id='word_1_285' title='bbox 140 1341 237 1379; x_wconf 84' lang='lat' dir='ltr'>redit</span> <span class='ocrx_word' id='word_1_286' title='bbox 254 1351 293 1377; x_wconf 89' lang='lat' dir='ltr'>et</span> <span class='ocrx_word' id='word_1_287' title='bbox 310 1344 350 1379; x_wconf 88' lang='lat' dir='ltr'>P.</span> <span class='ocrx_word' id='word_1_288' title='bbox 372 1352 472 1377; x_wconf 81' lang='lat' dir='ltr'>aetas</span> <span class='ocrx_word' id='word_1_289' title='bbox 491 1344 576 1384; x_wconf 73' lang='lat' dir='ltr'>illa,</span> <span class='ocrx_word' id='word_1_290' title='bbox 610 1341 676 1378; x_wconf 83' lang='lat' dir='ltr'>nili</span> <span class='ocrx_word' id='word_1_291' title='bbox 703 1343 805 1391; x_wconf 90' lang='lat' dir='ltr'>quod</span> <span class='ocrx_word' id='word_1_292' title='bbox 828 1356 956 1390; x_wconf 85' lang='lat' dir='ltr'>peccat</span> <span class='ocrx_word' id='word_1_293' title='bbox 983 1347 1024 1383; x_wconf 84' lang='lat' dir='ltr'>in</span> <span class='ocrx_word' id='word_1_294' title='bbox 1045 1360 1176 1391; x_wconf 66' lang='lat' dir='ltr'>prom,</span> <span class='ocrx_word' id='word_1_295' title='bbox 1211 1363 1281 1398; x_wconf 89' lang='lat' dir='ltr'>pro</span> <span class='ocrx_word' id='word_1_296' title='bbox 1301 1362 1402 1389; x_wconf 71' lang='lat' dir='ltr'>aetas</span> <span class='ocrx_word' id='word_1_297' title='bbox 1431 1354 1550 1394; x_wconf 43' lang='lat' dir='ltr'>illius&amp;</span> 
     </span>
     <span class='ocr_line' id='line_1_27' title="bbox 41 1391 1552 1448; baseline 0.009 -24"><span class='ocrx_word' id='word_1_298' title='bbox 41 1403 278 1440; x_wconf 83' lang='lat' dir='ltr'>quanquam,</span> <span class='ocrx_word' id='word_1_299' title='bbox 312 1391 415 1438; x_wconf 88' lang='lat' dir='ltr'>quod</span> <span class='ocrx_word' id='word_1_300' title='bbox 436 1403 493 1437; x_wconf 87' lang='lat' dir='ltr'>ap.</span> <span class='ocrx_word' id='word_1_301' title='bbox 515 1391 610 1426; x_wconf 89' lang='lat' dir='ltr'>Vell.</span> <span class='ocrx_word' id='word_1_302' title='bbox 633 1391 755 1427; x_wconf 87' lang='lat' dir='ltr'>severe</span> <span class='ocrx_word' id='word_1_303' title='bbox 773 1393 871 1428; x_wconf 87' lang='lat' dir='ltr'>valet</span> <span class='ocrx_word' id='word_1_304' title='bbox 889 1406 945 1429; x_wconf 88' lang='lat' dir='ltr'>um</span> <span class='ocrx_word' id='word_1_305' title='bbox 968 1395 1066 1433; x_wconf 90' lang='lat' dir='ltr'>diese</span> <span class='ocrx_word' id='word_1_306' title='bbox 1081 1399 1286 1448; x_wconf 77' lang='lat' dir='ltr'>Zeitfolge,</span> <span class='ocrx_word' id='word_1_307' title='bbox 1311 1401 1351 1438; x_wconf 86' lang='lat' dir='ltr'>id</span> <span class='ocrx_word' id='word_1_308' title='bbox 1373 1414 1412 1439; x_wconf 88' lang='lat' dir='ltr'>et</span> <span class='ocrx_word' id='word_1_309' title='bbox 1426 1402 1552 1439; x_wconf 65' lang='lat' dir='ltr'>nostro</span> 
     </span>
     <span class='ocr_line' id='line_1_28' title="bbox 42 1440 1551 1494; baseline 0.008 -18"><span class='ocrx_word' id='word_1_310' title='bbox 42 1443 130 1479; x_wconf 72' lang='lat' dir='ltr'>loco</span> <span class='ocrx_word' id='word_1_311' title='bbox 149 1440 199 1477; x_wconf 87' lang='lat' dir='ltr'>est</span> <span class='ocrx_word' id='word_1_312' title='bbox 218 1451 369 1487; x_wconf 85' lang='lat' dir='ltr'>aptum,</span> <span class='ocrx_word' id='word_1_313' title='bbox 406 1449 450 1475; x_wconf 88' lang='lat' dir='ltr'>ut</span> <span class='ocrx_word' id='word_1_314' title='bbox 468 1441 547 1475; x_wconf 81' lang='lat' dir='ltr'>Lat.</span> <span class='ocrx_word' id='word_1_315' title='bbox 567 1441 706 1476; x_wconf 57' lang='lat' dir='ltr'>tranas</span> <span class='ocrx_word' id='word_1_316' title='bbox 723 1440 774 1476; x_wconf 88' lang='lat' dir='ltr'>ibi</span> <span class='ocrx_word' id='word_1_317' title='bbox 795 1452 833 1477; x_wconf 83' lang='lat' dir='ltr'>et</span> <span class='ocrx_word' id='word_1_318' title='bbox 852 1441 938 1478; x_wconf 85' lang='lat' dir='ltr'>alias</span> <span class='ocrx_word' id='word_1_319' title='bbox 958 1445 1007 1480; x_wconf 87' lang='lat' dir='ltr'>est</span> <span class='ocrx_word' id='word_1_320' title='bbox 1026 1446 1050 1482; x_wconf 91' lang='lat' dir='ltr'>i.</span> <span class='ocrx_word' id='word_1_321' title='bbox 1068 1458 1103 1494; x_wconf 90' lang='lat' dir='ltr'>q.</span> <span class='ocrx_word' id='word_1_322' title='bbox 1126 1448 1236 1485; x_wconf 78' lang='lat' dir='ltr'>series</span> <span class='ocrx_word' id='word_1_323' title='bbox 1257 1462 1297 1487; x_wconf 87' lang='lat' dir='ltr'>et</span> <span class='ocrx_word' id='word_1_324' title='bbox 1314 1452 1471 1489; x_wconf 81' lang='lat' dir='ltr'>omnino</span> <span class='ocrx_word' id='word_1_325' title='bbox 1499 1453 1551 1494; x_wconf 82' lang='lat' dir='ltr'>id,</span> 
     </span>
     <span class='ocr_line' id='line_1_29' title="bbox 43 1488 1551 1549; baseline 0.008 -24"><span class='ocrx_word' id='word_1_326' title='bbox 43 1490 150 1539; x_wconf 82' lang='lat' dir='ltr'>quod</span> <span class='ocrx_word' id='word_1_327' title='bbox 171 1489 349 1530; x_wconf 88' lang='lat' dir='ltr'>trahitur,</span> <span class='ocrx_word' id='word_1_328' title='bbox 378 1488 616 1530; x_wconf 78' lang='lat' dir='ltr'>extenditur,</span> <span class='ocrx_word' id='word_1_329' title='bbox 652 1489 835 1538; x_wconf 84' lang='lat' dir='ltr'>sequitur,</span> <span class='ocrx_word' id='word_1_330' title='bbox 871 1491 1036 1530; x_wconf 83' lang='lat' dir='ltr'>succedit</span> <span class='ocrx_word' id='word_1_331' title='bbox 1056 1497 1180 1538; x_wconf 87' lang='lat' dir='ltr'>alteri;</span> <span class='ocrx_word' id='word_1_332' title='bbox 1219 1511 1260 1535; x_wconf 94' lang='lat' dir='ltr'>et</span> <span class='ocrx_word' id='word_1_333' title='bbox 1282 1502 1384 1549; x_wconf 89' lang='lat' dir='ltr'>quod</span> <span class='ocrx_word' id='word_1_334' title='bbox 1405 1502 1451 1537; x_wconf 88' lang='lat' dir='ltr'>G.</span> <span class='ocrx_word' id='word_1_335' title='bbox 1471 1503 1551 1539; x_wconf 83' lang='lat' dir='ltr'>Th.</span> 
     </span>
     <span class='ocr_line' id='line_1_30' title="bbox 46 1538 1554 1599; baseline 0.01 -24"><span class='ocrx_word' id='word_1_336' title='bbox 46 1539 202 1577; x_wconf 68' lang='lat' dir='ltr'>traHum</span> <span class='ocrx_word' id='word_1_337' title='bbox 225 1538 350 1585; x_wconf 89' lang='lat' dir='ltr'>aliquo</span> <span class='ocrx_word' id='word_1_338' title='bbox 373 1538 457 1574; x_wconf 87' lang='lat' dir='ltr'>loco</span> <span class='ocrx_word' id='word_1_339' title='bbox 477 1538 634 1585; x_wconf 85' lang='lat' dir='ltr'>explicat</span> <span class='ocrx_word' id='word_1_340' title='bbox 649 1541 809 1581; x_wconf 63' lang='lat' dir='ltr'>duflum,</span> <span class='ocrx_word' id='word_1_341' title='bbox 845 1553 924 1578; x_wconf 85' lang='lat' dir='ltr'>non</span> <span class='ocrx_word' id='word_1_342' title='bbox 943 1541 982 1578; x_wconf 85' lang='lat' dir='ltr'>id</span> <span class='ocrx_word' id='word_1_343' title='bbox 998 1544 1106 1590; x_wconf 83' lang='lat' dir='ltr'>plane</span> <span class='ocrx_word' id='word_1_344' title='bbox 1124 1547 1302 1586; x_wconf 86' lang='lat' dir='ltr'>abhorret</span> <span class='ocrx_word' id='word_1_345' title='bbox 1321 1564 1339 1587; x_wconf 89' lang='lat' dir='ltr'>a</span> <span class='ocrx_word' id='word_1_346' title='bbox 1361 1551 1429 1587; x_wconf 88' lang='lat' dir='ltr'>Gr.</span> <span class='ocrx_word' id='word_1_347' title='bbox 1449 1557 1554 1599; x_wconf 51' lang='grc' dir='ltr'>φοςᾶι</span> 
     </span>
     <span class='ocr_line' id='line_1_31' title="bbox 43 1585 1554 1647; baseline 0.008 -22"><span class='ocrx_word' id='word_1_348' title='bbox 43 1601 131 1625; x_wconf 86' lang='lat' dir='ltr'>cum</span> <span class='ocrx_word' id='word_1_349' title='bbox 147 1599 188 1623; x_wconf 85' lang='lat' dir='ltr'>et</span> <span class='ocrx_word' id='word_1_350' title='bbox 209 1600 245 1622; x_wconf 90' lang='lat' dir='ltr'>v.</span> <span class='ocrx_word' id='word_1_351' title='bbox 262 1585 370 1622; x_wconf 82' lang='lat' dir='ltr'>affine</span> <span class='ocrx_word' id='word_1_352' title='bbox 389 1593 522 1632; x_wconf 71' lang='grc' dir='ltr'>φέςειν,</span> <span class='ocrx_word' id='word_1_353' title='bbox 547 1599 590 1623; x_wconf 90' lang='lat' dir='ltr'>ut</span> <span class='ocrx_word' id='word_1_354' title='bbox 613 1587 836 1635; x_wconf 76' lang='lat' dir='ltr'>Lat-ferre,</span> <span class='ocrx_word' id='word_1_355' title='bbox 861 1589 1022 1629; x_wconf 86' lang='lat' dir='ltr'>sumatur</span> <span class='ocrx_word' id='word_1_356' title='bbox 1039 1605 1108 1639; x_wconf 86' lang='lat' dir='ltr'>pro</span> <span class='ocrx_word' id='word_1_357' title='bbox 1131 1595 1291 1641; x_wconf 88' lang='lat' dir='ltr'>ducere,</span> <span class='ocrx_word' id='word_1_358' title='bbox 1313 1599 1361 1635; x_wconf 87' lang='lat' dir='ltr'>cf.</span> <span class='ocrx_word' id='word_1_359' title='bbox 1381 1602 1461 1647; x_wconf 88' lang='lat' dir='ltr'>Stp.</span> <span class='ocrx_word' id='word_1_360' title='bbox 1480 1601 1554 1637; x_wconf 82' lang='lat' dir='ltr'>Th.</span> 
     </span>
     <span class='ocr_line' id='line_1_32' title="bbox 43 1633 1551 1700; baseline 0.009 -30"><span class='ocrx_word' id='word_1_361' title='bbox 43 1648 86 1683; x_wconf 63' lang='lat'>4,</span> <span class='ocrx_word' id='word_1_362' title='bbox 104 1645 161 1677; x_wconf 72' lang='grc' dir='ltr'>ει.</span> <span class='ocrx_word' id='word_1_363' title='bbox 182 1634 231 1677; x_wconf 73' lang='grc'>3.,</span> <span class='ocrx_word' id='word_1_364' title='bbox 256 1647 301 1671; x_wconf 90' lang='lat' dir='ltr'>ut</span> <span class='ocrx_word' id='word_1_365' title='bbox 317 1633 409 1670; x_wconf 91' lang='lat' dir='ltr'>adeo</span> <span class='ocrx_word' id='word_1_366' title='bbox 430 1635 451 1675; x_wconf 63' lang='grc' dir='ltr'><em>ἦ</em></span> <span class='ocrx_word' id='word_1_367' title='bbox 470 1651 503 1671; x_wconf 78' lang='grc' dir='ltr'>τ.</span> <span class='ocrx_word' id='word_1_368' title='bbox 522 1653 551 1672; x_wconf 87' lang='grc' dir='ltr'>κ.</span> <span class='ocrx_word' id='word_1_369' title='bbox 570 1647 608 1682; x_wconf 83' lang='grc' dir='ltr'>φ.</span> <span class='ocrx_word' id='word_1_370' title='bbox 628 1648 744 1685; x_wconf 90' lang='lat' dir='ltr'>aeque</span> <span class='ocrx_word' id='word_1_371' title='bbox 765 1637 868 1674; x_wconf 87' lang='lat' dir='ltr'>reddi</span> <span class='ocrx_word' id='word_1_372' title='bbox 888 1640 995 1687; x_wconf 81' lang='lat' dir='ltr'>poflit</span> <span class='ocrx_word' id='word_1_373' title='bbox 1017 1652 1209 1691; x_wconf 75' lang='lat' dir='ltr'>temporum</span> <span class='ocrx_word' id='word_1_374' title='bbox 1225 1650 1366 1685; x_wconf 71' lang='lat' dir='ltr'>trac‘lus</span> <span class='ocrx_word' id='word_1_375' title='bbox 1385 1650 1551 1700; x_wconf 68' lang='lat' dir='ltr'>[cursus.</span> 
     </span>
     <span class='ocr_line' id='line_1_33' title="bbox 40 1683 1556 1740; baseline 0.011 -21"><span class='ocrx_word' id='word_1_376' title='bbox 40 1708 44 1711; x_wconf 56' lang='lat'><em>»</em></span> <span class='ocrx_word' id='word_1_377' title='bbox 146 1684 219 1721; x_wconf 90' lang='lat' dir='ltr'>Sed</span> <span class='ocrx_word' id='word_1_378' title='bbox 238 1683 260 1719; x_wconf 84' lang='lat' dir='ltr'>li</span> <span class='ocrx_word' id='word_1_379' title='bbox 277 1685 362 1730; x_wconf 83' lang='lat' dir='ltr'>quis</span> <span class='ocrx_word' id='word_1_380' title='bbox 379 1684 484 1720; x_wconf 88' lang='lat' dir='ltr'>malit</span> <span class='ocrx_word' id='word_1_381' title='bbox 500 1686 667 1732; x_wconf 78' lang='lat' dir='ltr'>temporis</span> <span class='ocrx_word' id='word_1_382' title='bbox 678 1685 888 1731; x_wconf 82' lang='lat' dir='ltr'>feracitas,</span> <span class='ocrx_word' id='word_1_383' title='bbox 909 1689 931 1724; x_wconf 92' lang='lat' dir='ltr'>i.</span> <span class='ocrx_word' id='word_1_384' title='bbox 953 1689 1151 1736; x_wconf 83' lang='lat' dir='ltr'>fertilitas,</span> <span class='ocrx_word' id='word_1_385' title='bbox 1178 1695 1386 1735; x_wconf 83' lang='lat' dir='ltr'>fecunditas</span> <span class='ocrx_word' id='word_1_386' title='bbox 1399 1724 1410 1740; x_wconf 88' lang='lat'><em>,</em></span> <span class='ocrx_word' id='word_1_387' title='bbox 1445 1701 1556 1736; x_wconf 76' lang='lat' dir='ltr'>ubet-</span> 
     </span>
     <span class='ocr_line' id='line_1_34' title="bbox 48 1731 1556 1795; baseline 0.011 -26"><span class='ocrx_word' id='word_1_388' title='bbox 48 1745 126 1773; x_wconf 81' lang='lat' dir='ltr'>tas:</span> <span class='ocrx_word' id='word_1_389' title='bbox 150 1735 201 1769; x_wconf 87' lang='lat' dir='ltr'>ob</span> <span class='ocrx_word' id='word_1_390' title='bbox 223 1732 293 1769; x_wconf 87' lang='lat' dir='ltr'>iam</span> <span class='ocrx_word' id='word_1_391' title='bbox 316 1731 542 1779; x_wconf 70' lang='lat' dir='ltr'>praemissum</span> <span class='ocrx_word' id='word_1_392' title='bbox 561 1746 580 1769; x_wconf 89' lang='lat' dir='ltr'>a</span> <span class='ocrx_word' id='word_1_393' title='bbox 597 1734 732 1770; x_wconf 88' lang='lat' dir='ltr'>Nostro</span> <span class='ocrx_word' id='word_1_394' title='bbox 751 1735 840 1773; x_wconf 60' lang='lat' dir='ltr'>nont&gt;</span> <span class='ocrx_word' id='word_1_395' title='bbox 855 1741 1010 1782; x_wconf 66' lang='grc' dir='ltr'>πλῆθος,</span> <span class='ocrx_word' id='word_1_396' title='bbox 1033 1752 1083 1777; x_wconf 90' lang='lat' dir='ltr'>ne</span> <span class='ocrx_word' id='word_1_397' title='bbox 1106 1745 1313 1795; x_wconf 76' lang='lat' dir='ltr'>tautologia</span> <span class='ocrx_word' id='word_1_398' title='bbox 1333 1748 1460 1784; x_wconf 83' lang='lat' dir='ltr'>existat</span> <span class='ocrx_word' id='word_1_399' title='bbox 1479 1747 1556 1784; x_wconf 66' lang='lat' dir='ltr'>inx-</span> 
     </span>
     <span class='ocr_line' id='line_1_35' title="bbox 49 1780 1555 1840; baseline 0.007 -22"><span class='ocrx_word' id='word_1_400' title='bbox 49 1783 131 1824; x_wconf 86' lang='lat' dir='ltr'>nis,</span> <span class='ocrx_word' id='word_1_401' title='bbox 155 1780 192 1818; x_wconf 91' lang='lat' dir='ltr'>id</span> <span class='ocrx_word' id='word_1_402' title='bbox 210 1783 287 1818; x_wconf 84' lang='lat' dir='ltr'>Lat.</span> <span class='ocrx_word' id='word_1_403' title='bbox 307 1794 387 1818; x_wconf 88' lang='lat' dir='ltr'>non</span> <span class='ocrx_word' id='word_1_404' title='bbox 407 1781 530 1828; x_wconf 88' lang='lat' dir='ltr'>capiet</span> <span class='ocrx_word' id='word_1_405' title='bbox 543 1794 612 1830; x_wconf 91' lang='lat' dir='ltr'>pro</span> <span class='ocrx_word' id='word_1_406' title='bbox 632 1782 763 1830; x_wconf 81' lang='lat' dir='ltr'>copia,</span> <span class='ocrx_word' id='word_1_407' title='bbox 788 1784 851 1822; x_wconf 85' lang='lat' dir='ltr'>sed</span> <span class='ocrx_word' id='word_1_408' title='bbox 866 1784 934 1828; x_wconf 84' lang='lat' dir='ltr'>fic,</span> <span class='ocrx_word' id='word_1_409' title='bbox 960 1800 1002 1825; x_wconf 90' lang='lat' dir='ltr'>ut</span> <span class='ocrx_word' id='word_1_410' title='bbox 1022 1787 1065 1825; x_wconf 81' lang='lat' dir='ltr'>lit</span> <span class='ocrx_word' id='word_1_411' title='bbox 1088 1791 1160 1840; x_wconf 90' lang='lat' dir='ltr'>i.q.</span> <span class='ocrx_word' id='word_1_412' title='bbox 1181 1795 1236 1832; x_wconf 64' lang='lat' dir='ltr'>vis</span> <span class='ocrx_word' id='word_1_413' title='bbox 1255 1807 1293 1832; x_wconf 82' lang='lat' dir='ltr'>et</span> <span class='ocrx_word' id='word_1_414' title='bbox 1312 1797 1469 1833; x_wconf 72' lang='lat' dir='ltr'>facultas</span> <span class='ocrx_word' id='word_1_415' title='bbox 1495 1810 1555 1832; x_wconf 89' lang='lat' dir='ltr'>co.</span> 
     </span>
     <span class='ocr_line' id='line_1_36' title="bbox 47 1830 1555 1894; baseline 0.011 -27"><span class='ocrx_word' id='word_1_416' title='bbox 47 1832 150 1882; x_wconf 79' lang='lat' dir='ltr'>piam</span> <span class='ocrx_word' id='word_1_417' title='bbox 174 1830 336 1878; x_wconf 76' lang='lat' dir='ltr'>aliquam</span> <span class='ocrx_word' id='word_1_418' title='bbox 363 1842 486 1867; x_wconf 88' lang='lat' dir='ltr'>rerum</span> <span class='ocrx_word' id='word_1_419' title='bbox 513 1831 750 1878; x_wconf 79' lang='lat' dir='ltr'>proferendi,</span> <span class='ocrx_word' id='word_1_420' title='bbox 793 1846 832 1871; x_wconf 89' lang='lat' dir='ltr'>et</span> <span class='ocrx_word' id='word_1_421' title='bbox 860 1845 1051 1883; x_wconf 81' lang='lat' dir='ltr'>temporum</span> <span class='ocrx_word' id='word_1_422' title='bbox 1068 1841 1253 1888; x_wconf 80' lang='lat' dir='ltr'>feracitas</span> <span class='ocrx_word' id='word_1_423' title='bbox 1275 1858 1316 1881; x_wconf 88' lang='lat' dir='ltr'>ea</span> <span class='ocrx_word' id='word_1_424' title='bbox 1342 1859 1555 1894; x_wconf 85' lang='lat' dir='ltr'>temporum</span> 
     </span>
     <span class='ocr_line' id='line_1_37' title="bbox 49 1878 1556 1942; baseline 0.009 -25"><span class='ocrx_word' id='word_1_425' title='bbox 49 1879 236 1921; x_wconf 87' lang='lat' dir='ltr'>conditio,</span> <span class='ocrx_word' id='word_1_426' title='bbox 261 1891 332 1927; x_wconf 88' lang='lat' dir='ltr'>qua</span> <span class='ocrx_word' id='word_1_427' title='bbox 354 1878 548 1926; x_wconf 85' lang='lat' dir='ltr'>potuerint</span> <span class='ocrx_word' id='word_1_428' title='bbox 566 1881 773 1927; x_wconf 87' lang='lat' dir='ltr'>producere</span> <span class='ocrx_word' id='word_1_429' title='bbox 791 1882 951 1931; x_wconf 80' lang='lat' dir='ltr'>aliquam</span> <span class='ocrx_word' id='word_1_430' title='bbox 971 1888 1131 1936; x_wconf 85' lang='lat' dir='ltr'>copiam,</span> <span class='ocrx_word' id='word_1_431' title='bbox 1154 1904 1198 1929; x_wconf 88' lang='lat' dir='ltr'>ut</span> <span class='ocrx_word' id='word_1_432' title='bbox 1216 1903 1372 1938; x_wconf 70' lang='lat' dir='ltr'>tempora</span> <span class='ocrx_word' id='word_1_433' title='bbox 1384 1897 1556 1942; x_wconf 71' lang='lat' dir='ltr'>fertilia,</span> 
     </span>
     <span class='ocr_line' id='line_1_38' title="bbox 43 1929 1558 1993; baseline 0.011 -28"><span class='ocrx_word' id='word_1_434' title='bbox 43 1939 149 1978; x_wconf 74' lang='lat' dir='ltr'>quae</span> <span class='ocrx_word' id='word_1_435' title='bbox 168 1929 217 1965; x_wconf 80' lang='lat' dir='ltr'>ita</span> <span class='ocrx_word' id='word_1_436' title='bbox 230 1940 461 1983; x_wconf 67' lang='lat' dir='ltr'>comparata,</span> <span class='ocrx_word' id='word_1_437' title='bbox 482 1939 526 1965; x_wconf 91' lang='lat' dir='ltr'>ut</span> <span class='ocrx_word' id='word_1_438' title='bbox 544 1929 679 1977; x_wconf 84' lang='lat' dir='ltr'>poffint</span> <span class='ocrx_word' id='word_1_439' title='bbox 695 1930 833 1979; x_wconf 80' lang='lat' dir='ltr'>aliquid</span> <span class='ocrx_word' id='word_1_440' title='bbox 847 1933 1000 1980; x_wconf 89' lang='lat' dir='ltr'>copiose</span> <span class='ocrx_word' id='word_1_441' title='bbox 1018 1939 1201 1984; x_wconf 86' lang='lat' dir='ltr'>proferre;</span> <span class='ocrx_word' id='word_1_442' title='bbox 1230 1942 1320 1981; x_wconf 79' lang='lat' dir='ltr'>sicut</span> <span class='ocrx_word' id='word_1_443' title='bbox 1335 1945 1558 1993; x_wconf 75' lang='lat' dir='ltr'>agrumfer-</span> 
     </span>
     <span class='ocr_line' id='line_1_39' title="bbox 54 1977 1556 2043; baseline 0.011 -28"><span class='ocrx_word' id='word_1_444' title='bbox 54 1980 152 2017; x_wconf 72' lang='lat' dir='ltr'>titem</span> <span class='ocrx_word' id='word_1_445' title='bbox 171 1977 350 2018; x_wconf 86' lang='lat' dir='ltr'>dicimus,</span> <span class='ocrx_word' id='word_1_446' title='bbox 376 1989 440 2025; x_wconf 73' lang='lat' dir='ltr'>qui</span> <span class='ocrx_word' id='word_1_447' title='bbox 461 1978 579 2015; x_wconf 86' lang='lat' dir='ltr'>valeat</span> <span class='ocrx_word' id='word_1_448' title='bbox 599 1980 962 2031; x_wconf 48' lang='lat' dir='ltr'>proferre-magnum</span> <span class='ocrx_word' id='word_1_449' title='bbox 984 1998 1196 2032; x_wconf 87' lang='lat' dir='ltr'>numerum,</span> <span class='ocrx_word' id='word_1_450' title='bbox 1219 2004 1384 2035; x_wconf 55' lang='lat' dir='ltr'>maenam</span> <span class='ocrx_word' id='word_1_451' title='bbox 1398 1995 1556 2043; x_wconf 78' lang='lat' dir='ltr'>copiam,</span> 
     </span>
     <span class='ocr_line' id='line_1_40' title="bbox 51 2026 1558 2086; baseline 0.012 -21"><span class='ocrx_word' id='word_1_452' title='bbox 51 2029 216 2077; x_wconf 69' lang='lat' dir='ltr'>segetum</span> <span class='ocrx_word' id='word_1_453' title='bbox 236 2038 278 2062; x_wconf 83' lang='lat' dir='ltr'>ac</span> <span class='ocrx_word' id='word_1_454' title='bbox 298 2026 458 2075; x_wconf 78' lang='lat' dir='ltr'>frugum.</span> <span class='ocrx_word' id='word_1_455' title='bbox 506 2028 675 2076; x_wconf 89' lang='lat' dir='ltr'>Cumque</span> <span class='ocrx_word' id='word_1_456' title='bbox 699 2030 831 2066; x_wconf 86' lang='lat' dir='ltr'>Noster</span> <span class='ocrx_word' id='word_1_457' title='bbox 852 2033 1030 2078; x_wconf 78' lang='lat' dir='ltr'>potuiffet</span> <span class='ocrx_word' id='word_1_458' title='bbox 1047 2037 1258 2086; x_wconf 76' lang='lat' dir='ltr'>fimpiiciter</span> <span class='ocrx_word' id='word_1_459' title='bbox 1274 2033 1441 2086; x_wconf 69' lang='lat' dir='ltr'>scribere,</span> <span class='ocrx_word' id='word_1_460' title='bbox 1466 2052 1558 2084; x_wconf 67' lang='grc' dir='ltr'>πολὺ</span> 
     </span>
     <span class='ocr_line' id='line_1_41' title="bbox 49 2071 1558 2139; baseline 0.009 -26"><span class='ocrx_word' id='word_1_461' title='bbox 49 2089 113 2115; x_wconf 65' lang='lat' dir='ltr'>su.</span> <span class='ocrx_word' id='word_1_462' title='bbox 131 2078 252 2123; x_wconf 69' lang='grc' dir='ltr'><em>ἀνδρῶν</em></span> <span class='ocrx_word' id='word_1_463' title='bbox 280 2091 312 2113; x_wconf 86' lang='grc' dir='ltr'>σ.</span> <span class='ocrx_word' id='word_1_464' title='bbox 336 2071 475 2121; x_wconf 62' lang='grc' dir='ltr'>ἤνεγκαν</span> <span class='ocrx_word' id='word_1_465' title='bbox 505 2082 535 2112; x_wconf 81' lang='grc' dir='ltr'>οἱ</span> <span class='ocrx_word' id='word_1_466' title='bbox 555 2082 675 2115; x_wconf 71' lang='grc' dir='ltr'>ἐκείνου</span> <span class='ocrx_word' id='word_1_467' title='bbox 698 2087 803 2126; x_wconf 61' lang='grc' dir='ltr'><em>καιροὶ</em></span> <span class='ocrx_word' id='word_1_468' title='bbox 824 2079 849 2116; x_wconf 86' lang='lat' dir='ltr'>s.</span> <span class='ocrx_word' id='word_1_469' title='bbox 872 2079 1008 2128; x_wconf 60' lang='grc' dir='ltr'><em>ἕνεγκεν</em></span> <span class='ocrx_word' id='word_1_470' title='bbox 1027 2085 1046 2122; x_wconf 83' lang='lat' dir='ltr'>o‘</span> <span class='ocrx_word' id='word_1_471' title='bbox 1062 2091 1106 2124; x_wconf 76' lang='grc' dir='ltr'>ἐκ.</span> <span class='ocrx_word' id='word_1_472' title='bbox 1129 2089 1263 2136; x_wconf 47' lang='lat' dir='ltr'>umeri„</span> <span class='ocrx_word' id='word_1_473' title='bbox 1299 2102 1342 2128; x_wconf 86' lang='lat' dir='ltr'>ut</span> <span class='ocrx_word' id='word_1_474' title='bbox 1368 2106 1400 2133; x_wconf 73' lang='grc' dir='ltr'>ι,</span> <span class='ocrx_word' id='word_1_475' title='bbox 1425 2106 1458 2136; x_wconf 86' lang='lat'>1,</span> <span class='ocrx_word' id='word_1_476' title='bbox 1480 2104 1512 2134; x_wconf 73' lang='lat'>8,</span> <span class='ocrx_word' id='word_1_477' title='bbox 1536 2095 1558 2139; x_wconf 70' lang='grc' dir='ltr'><strong><em>ἦ</em></strong></span> 
     </span>
     <span class='ocr_line' id='line_1_42' title="bbox 53 2123 1558 2188; baseline 0.007 -18"><span class='ocrx_word' id='word_1_478' title='bbox 53 2125 214 2170; x_wconf 58' lang='grc' dir='ltr'><em>Ῥωμαίων</em></span> <span class='ocrx_word' id='word_1_479' title='bbox 232 2130 324 2170; x_wconf 55' lang='lat' dir='ltr'>&amp;effi</span> <span class='ocrx_word' id='word_1_480' title='bbox 343 2144 382 2152; x_wconf 82' lang='grc'>·“·</span> <span class='ocrx_word' id='word_1_481' title='bbox 399 2130 510 2163; x_wconf 58' lang='grc' dir='ltr'><strong><em>πολλὰ</em></strong></span> <span class='ocrx_word' id='word_1_482' title='bbox 532 2123 650 2170; x_wconf 50' lang='grc' dir='ltr'><em>ἔνεγκε</em></span> <span class='ocrx_word' id='word_1_483' title='bbox 663 2153 673 2169; x_wconf 78' lang='lat'><em>2</em></span> <span class='ocrx_word' id='word_1_484' title='bbox 705 2139 744 2163; x_wconf 88' lang='lat' dir='ltr'>et</span> <span class='ocrx_word' id='word_1_485' title='bbox 762 2141 819 2175; x_wconf 65' lang='grc' dir='ltr'>3Ρ·</span> <span class='ocrx_word' id='word_1_486' title='bbox 841 2130 958 2168; x_wconf 71' lang='lat' dir='ltr'><strong>Cvrn·</strong></span> <span class='ocrx_word' id='word_1_487' title='bbox 979 2135 1025 2169; x_wconf 86' lang='grc' dir='ltr'>Ν·</span> <span class='ocrx_word' id='word_1_488' title='bbox 1047 2149 1103 2178; x_wconf 78' lang='lat'>25,</span> <span class='ocrx_word' id='word_1_489' title='bbox 1122 2150 1175 2180; x_wconf 77' lang='lat'>12,</span> <span class='ocrx_word' id='word_1_490' title='bbox 1192 2153 1222 2183; x_wconf 84' lang='lat'>4.</span> <span class='ocrx_word' id='word_1_491' title='bbox 1255 2141 1369 2177; x_wconf 83' lang='lat' dir='ltr'>L.Jul.</span> <span class='ocrx_word' id='word_1_492' title='bbox 1382 2144 1558 2188; x_wconf 76' lang='lat' dir='ltr'>Calidum,</span> 
     </span>
     <span class='ocr_line' id='line_1_43' title="bbox 50 2173 1559 2233; baseline 0.009 -23"><span class='ocrx_word' id='word_1_493' title='bbox 50 2185 168 2222; x_wconf 82' lang='lat' dir='ltr'>quem</span> <span class='ocrx_word' id='word_1_494' title='bbox 186 2193 224 2201; x_wconf 89' lang='lat'>—</span> <span class='ocrx_word' id='word_1_495' title='bbox 244 2176 350 2209; x_wconf 81' lang='lat' dir='ltr'>multo</span> <span class='ocrx_word' id='word_1_496' title='bbox 369 2173 670 2222; x_wconf 72' lang='lat' dir='ltr'>elegantiffimum</span> <span class='ocrx_word' id='word_1_497' title='bbox 689 2181 825 2222; x_wconf 51' lang='lat' dir='ltr'>poetam</span> <span class='ocrx_word' id='word_1_498' title='bbox 848 2182 1003 2218; x_wconf 81' lang='lat' dir='ltr'>nostram</span> <span class='ocrx_word' id='word_1_499' title='bbox 1021 2186 1132 2233; x_wconf 63' lang='lat' dir='ltr'>tuliff}</span> <span class='ocrx_word' id='word_1_500' title='bbox 1152 2188 1413 2226; x_wconf 59' lang='lat' dir='ltr'>aetatem‘vere</span> <span class='ocrx_word' id='word_1_501' title='bbox 1433 2195 1559 2230; x_wconf 66' lang='lat' dir='ltr'>videor</span> 
     </span>
     <span class='ocr_line' id='line_1_44' title="bbox 50 2222 1560 2287; baseline 0.015 -29"><span class='ocrx_word' id='word_1_502' title='bbox 50 2224 141 2277; x_wconf 75' lang='lat' dir='ltr'>pff</span> <span class='ocrx_word' id='word_1_503' title='bbox 158 2225 384 2259; x_wconf 76' lang='lat' dir='ltr'>contendere:</span> <span class='ocrx_word' id='word_1_504' title='bbox 418 2222 546 2259; x_wconf 87' lang='lat' dir='ltr'>addito</span> <span class='ocrx_word' id='word_1_505' title='bbox 566 2227 671 2271; x_wconf 68' lang='grc' dir='ltr'><em>φορᾶς</em></span> <span class='ocrx_word' id='word_1_506' title='bbox 691 2227 797 2262; x_wconf 73' lang='lat' dir='ltr'>lubst.</span> <span class='ocrx_word' id='word_1_507' title='bbox 817 2229 950 2266; x_wconf 87' lang='lat' dir='ltr'>Noster</span> <span class='ocrx_word' id='word_1_508' title='bbox 967 2228 1134 2271; x_wconf 77' lang='lat' dir='ltr'>videatur</span> <span class='ocrx_word' id='word_1_509' title='bbox 1156 2235 1261 2274; x_wconf 79' lang='lat' dir='ltr'>simul</span> <span class='ocrx_word' id='word_1_510' title='bbox 1283 2240 1439 2287; x_wconf 84' lang='lat' dir='ltr'>aliquam</span> <span class='ocrx_word' id='word_1_511' title='bbox 1460 2243 1560 2280; x_wconf 89' lang='lat' dir='ltr'>adie-</span> 
     </span>
     <span class='ocr_line' id='line_1_45' title="bbox 50 2271 1559 2334; baseline 0.015 -26"><span class='ocrx_word' id='word_1_512' title='bbox 50 2271 138 2315; x_wconf 74' lang='lat' dir='ltr'>cisse</span> <span class='ocrx_word' id='word_1_513' title='bbox 157 2272 320 2311; x_wconf 78' lang='lat' dir='ltr'>causam.</span> <span class='ocrx_word' id='word_1_514' title='bbox 347 2283 389 2308; x_wconf 86' lang='lat' dir='ltr'>ut</span> <span class='ocrx_word' id='word_1_515' title='bbox 411 2284 582 2320; x_wconf 79' lang='lat' dir='ltr'>magnum</span> <span class='ocrx_word' id='word_1_516' title='bbox 608 2287 804 2312; x_wconf 86' lang='lat' dir='ltr'>numerum</span> <span class='ocrx_word' id='word_1_517' title='bbox 824 2278 987 2316; x_wconf 84' lang='lat' dir='ltr'>virorum</span> <span class='ocrx_word' id='word_1_518' title='bbox 1009 2283 1203 2323; x_wconf 58' lang='lat' dir='ltr'>doetorum</span> <span class='ocrx_word' id='word_1_519' title='bbox 1218 2290 1443 2334; x_wconf 76' lang='lat' dir='ltr'>protulerint</span> <span class='ocrx_word' id='word_1_520' title='bbox 1454 2291 1559 2330; x_wconf 77' lang='lat' dir='ltr'>illius</span> 
     </span>
     <span class='ocr_line' id='line_1_46' title="bbox 54 2321 1558 2381; baseline 0.014 -24"><span class='ocrx_word' id='word_1_521' title='bbox 54 2334 224 2369; x_wconf 66' lang='lat' dir='ltr'>tempora</span> <span class='ocrx_word' id='word_1_522' title='bbox 237 2347 247 2362; x_wconf 83' lang='lat'>,</span> <span class='ocrx_word' id='word_1_523' title='bbox 276 2322 325 2357; x_wconf 89' lang='lat' dir='ltr'>ob</span> <span class='ocrx_word' id='word_1_524' title='bbox 348 2321 446 2357; x_wconf 88' lang='lat' dir='ltr'>suam</span> <span class='ocrx_word' id='word_1_525' title='bbox 464 2322 503 2358; x_wconf 88' lang='lat' dir='ltr'>in</span> <span class='ocrx_word' id='word_1_526' title='bbox 520 2323 593 2358; x_wconf 77' lang='lat' dir='ltr'>hoc</span> <span class='ocrx_word' id='word_1_527' title='bbox 612 2336 747 2371; x_wconf 82' lang='lat' dir='ltr'>genere</span> <span class='ocrx_word' id='word_1_528' title='bbox 769 2326 1023 2375; x_wconf 85' lang='lat' dir='ltr'>fertilitatem,</span> <span class='ocrx_word' id='word_1_529' title='bbox 1051 2346 1089 2370; x_wconf 91' lang='lat' dir='ltr'>et</span> <span class='ocrx_word' id='word_1_530' title='bbox 1103 2336 1187 2381; x_wconf 88' lang='lat' dir='ltr'>quia</span> <span class='ocrx_word' id='word_1_531' title='bbox 1207 2337 1388 2375; x_wconf 84' lang='lat' dir='ltr'>haberent</span> <span class='ocrx_word' id='word_1_532' title='bbox 1408 2343 1558 2378; x_wconf 85' lang='lat' dir='ltr'>conces-</span> 
     </span>
     <span class='ocr_line' id='line_1_47' title="bbox 47 2371 1558 2438; baseline 0.012 -31"><span class='ocrx_word' id='word_1_533' title='bbox 47 2379 129 2416; x_wconf 75' lang='lat' dir='ltr'>sam</span> <span class='ocrx_word' id='word_1_534' title='bbox 153 2371 368 2407; x_wconf 86' lang='lat' dir='ltr'>facultatem</span> <span class='ocrx_word' id='word_1_535' title='bbox 387 2381 426 2406; x_wconf 90' lang='lat' dir='ltr'>et</span> <span class='ocrx_word' id='word_1_536' title='bbox 445 2371 519 2406; x_wconf 85' lang='lat' dir='ltr'>vim</span> <span class='ocrx_word' id='word_1_537' title='bbox 540 2372 668 2409; x_wconf 84' lang='lat' dir='ltr'>talium</span> <span class='ocrx_word' id='word_1_538' title='bbox 693 2375 1021 2422; x_wconf 70' lang='lat' dir='ltr'>profereiidorum5</span> <span class='ocrx_word' id='word_1_539' title='bbox 1056 2382 1097 2419; x_wconf 91' lang='lat' dir='ltr'>in</span> <span class='ocrx_word' id='word_1_540' title='bbox 1127 2397 1203 2431; x_wconf 88' lang='lat' dir='ltr'>quo</span> <span class='ocrx_word' id='word_1_541' title='bbox 1235 2386 1329 2422; x_wconf 88' lang='lat' dir='ltr'>nihil</span> <span class='ocrx_word' id='word_1_542' title='bbox 1351 2388 1414 2431; x_wconf 81' lang='lat' dir='ltr'>lit,</span> <span class='ocrx_word' id='word_1_543' title='bbox 1446 2401 1558 2438; x_wconf 85' lang='lat' dir='ltr'>quam</span> 
     </span>
    </p>

    <p class='ocr_par' dir='ltr' id='par_1_6' title="bbox 55 2418 1557 2535">
     <span class='ocr_line' id='line_1_48' title="bbox 64 2418 1556 2484; baseline 0.013 -27"><span class='ocrx_word' id='word_1_544' title='bbox 64 2419 227 2458; x_wconf 84' lang='lat' dir='ltr'>brevitas</span> <span class='ocrx_word' id='word_1_545' title='bbox 246 2420 306 2456; x_wconf 91' lang='lat' dir='ltr'>ista</span> <span class='ocrx_word' id='word_1_546' title='bbox 324 2418 495 2467; x_wconf 83' lang='lat' dir='ltr'>exquifita</span> <span class='ocrx_word' id='word_1_547' title='bbox 509 2444 520 2462; x_wconf 83' lang='grc'><strong>,</strong></span> <span class='ocrx_word' id='word_1_548' title='bbox 547 2433 611 2468; x_wconf 90' lang='lat' dir='ltr'>per</span> <span class='ocrx_word' id='word_1_549' title='bbox 632 2431 740 2468; x_wconf 87' lang='lat' dir='ltr'>quam</span> <span class='ocrx_word' id='word_1_550' title='bbox 759 2427 860 2461; x_wconf 86' lang='lat' dir='ltr'>causa</span> <span class='ocrx_word' id='word_1_551' title='bbox 879 2438 919 2463; x_wconf 91' lang='lat' dir='ltr'>et</span> <span class='ocrx_word' id='word_1_552' title='bbox 940 2431 1156 2469; x_wconf 89' lang='lat' dir='ltr'>enunciatio</span> <span class='ocrx_word' id='word_1_553' title='bbox 1168 2435 1317 2472; x_wconf 88' lang='lat' dir='ltr'>causalis</span> <span class='ocrx_word' id='word_1_554' title='bbox 1334 2437 1556 2484; x_wconf 87' lang='lat' dir='ltr'>exprimitur</span> 
     </span>
     <span class='ocr_line' id='line_1_49' title="bbox 55 2469 1557 2535; baseline 0.013 -30"><span class='ocrx_word' id='word_1_555' title='bbox 55 2470 116 2506; x_wconf 82' lang='lat' dir='ltr'>vel</span> <span class='ocrx_word' id='word_1_556' title='bbox 135 2482 198 2516; x_wconf 87' lang='lat' dir='ltr'>per</span> <span class='ocrx_word' id='word_1_557' title='bbox 219 2471 319 2509; x_wconf 64' lang='lat' dir='ltr'>adv„</span> <span class='ocrx_word' id='word_1_558' title='bbox 349 2469 408 2504; x_wconf 84' lang='lat' dir='ltr'>vel</span> <span class='ocrx_word' id='word_1_559' title='bbox 426 2482 491 2516; x_wconf 85' lang='lat' dir='ltr'>per</span> <span class='ocrx_word' id='word_1_560' title='bbox 510 2472 582 2506; x_wconf 88' lang='lat' dir='ltr'>adi.</span> <span class='ocrx_word' id='word_1_561' title='bbox 601 2470 624 2507; x_wconf 92' lang='lat' dir='ltr'>s.</span> <span class='ocrx_word' id='word_1_562' title='bbox 644 2473 850 2518; x_wconf 83' lang='lat' dir='ltr'>epitheton,</span> <span class='ocrx_word' id='word_1_563' title='bbox 878 2477 936 2512; x_wconf 89' lang='lat' dir='ltr'>vel</span> <span class='ocrx_word' id='word_1_564' title='bbox 950 2478 1112 2533; x_wconf 81' lang='lat' dir='ltr'>denique</span> <span class='ocrx_word' id='word_1_565' title='bbox 1133 2496 1197 2526; x_wconf 84' lang='lat' dir='ltr'>per</span> <span class='ocrx_word' id='word_1_566' title='bbox 1215 2484 1316 2522; x_wconf 84' lang='lat' dir='ltr'>subst.</span> <span class='ocrx_word' id='word_1_567' title='bbox 1329 2510 1341 2528; x_wconf 87' lang='lat'><em>‚</em></span> <span class='ocrx_word' id='word_1_568' title='bbox 1365 2486 1481 2535; x_wconf 84' lang='lat' dir='ltr'>idque</span> <span class='ocrx_word' id='word_1_569' title='bbox 1492 2503 1557 2528; x_wconf 86' lang='lat' dir='ltr'>aut</span> 
     </span>
    </p>
   </div>
   <div class='ocr_carea' id='block_1_4' title="bbox 53 2518 1556 2583">
    <p class='ocr_par' dir='ltr' id='par_1_7' title="bbox 53 2518 1556 2583">
     <span class='ocr_line' id='line_1_50' title="bbox 53 2518 1556 2583; baseline 0.015 -29"><span class='ocrx_word' id='word_1_570' title='bbox 53 2518 227 2565; x_wconf 76' lang='lat' dir='ltr'>finiplex,</span> <span class='ocrx_word' id='word_1_571' title='bbox 249 2529 282 2554; x_wconf 87' lang='lat' dir='ltr'>v.</span> <span class='ocrx_word' id='word_1_572' title='bbox 303 2530 331 2553; x_wconf 94' lang='lat' dir='ltr'>c.</span> <span class='ocrx_word' id='word_1_573' title='bbox 353 2519 525 2554; x_wconf 85' lang='lat' dir='ltr'>condona</span> <span class='ocrx_word' id='word_1_574' title='bbox 543 2519 580 2555; x_wconf 91' lang='lat' dir='ltr'>id</span> <span class='ocrx_word' id='word_1_575' title='bbox 598 2533 699 2558; x_wconf 90' lang='lat' dir='ltr'>meae</span> <span class='ocrx_word' id='word_1_576' title='bbox 717 2520 927 2567; x_wconf 87' lang='lat' dir='ltr'>iuventuti,</span> <span class='ocrx_word' id='word_1_577' title='bbox 954 2539 977 2562; x_wconf 78' lang='grc' dir='ltr'>ι.</span> <span class='ocrx_word' id='word_1_578' title='bbox 997 2529 1088 2565; x_wconf 85' lang='lat' dir='ltr'>mihi</span> <span class='ocrx_word' id='word_1_579' title='bbox 1107 2533 1154 2568; x_wconf 89' lang='lat' dir='ltr'>ob</span> <span class='ocrx_word' id='word_1_580' title='bbox 1174 2533 1408 2572; x_wconf 85' lang='lat' dir='ltr'>iuventutem</span> <span class='ocrx_word' id='word_1_581' title='bbox 1424 2550 1556 2583; x_wconf 83' lang='lat' dir='ltr'>meam,</span> 
     </span>
    </p>
   </div>
   <div class='ocr_carea' id='block_1_5' title="bbox 55 2566 1557 2630">
    <p class='ocr_par' dir='ltr' id='par_1_8' title="bbox 55 2566 1557 2630">
     <span class='ocr_line' id='line_1_51' title="bbox 55 2566 1557 2630; baseline 0.015 -27"><span class='ocrx_word' id='word_1_582' title='bbox 55 2568 83 2608; x_wconf 77' lang='lat' dir='ltr'>s.</span> <span class='ocrx_word' id='word_1_583' title='bbox 104 2567 187 2614; x_wconf 83' lang='lat' dir='ltr'>quia</span> <span class='ocrx_word' id='word_1_584' title='bbox 209 2567 352 2603; x_wconf 82' lang='lat' dir='ltr'>iuvenis</span> <span class='ocrx_word' id='word_1_585' title='bbox 381 2566 477 2608; x_wconf 87' lang='lat' dir='ltr'>sum,</span> <span class='ocrx_word' id='word_1_586' title='bbox 511 2580 574 2604; x_wconf 87' lang='lat' dir='ltr'>aut</span> <span class='ocrx_word' id='word_1_587' title='bbox 592 2569 750 2616; x_wconf 84' lang='lat' dir='ltr'>duplex,</span> <span class='ocrx_word' id='word_1_588' title='bbox 787 2585 819 2607; x_wconf 88' lang='lat' dir='ltr'>v.</span> <span class='ocrx_word' id='word_1_589' title='bbox 833 2585 866 2621; x_wconf 86' lang='lat' dir='ltr'>g.</span> <span class='ocrx_word' id='word_1_590' title='bbox 887 2578 1111 2621; x_wconf 84' lang='lat' dir='ltr'>parcendum</span> <span class='ocrx_word' id='word_1_591' title='bbox 1140 2582 1329 2621; x_wconf 86' lang='lat' dir='ltr'>infantum</span> <span class='ocrx_word' id='word_1_592' title='bbox 1353 2587 1557 2630; x_wconf 78' lang='lat' dir='ltr'>teneritati,</span> 
     </span>
    </p>
   </div>
   <div class='ocr_carea' id='block_1_6' title="bbox 52 2615 1557 2828">
    <p class='ocr_par' dir='ltr' id='par_1_9' title="bbox 52 2615 1557 2828">
     <span class='ocr_line' id='line_1_52' title="bbox 55 2615 1555 2675; baseline 0.013 -23"><span class='ocrx_word' id='word_1_593' title='bbox 55 2617 82 2655; x_wconf 87' lang='lat' dir='ltr'>i.</span> <span class='ocrx_word' id='word_1_594' title='bbox 101 2615 308 2653; x_wconf 81' lang='lat' dir='ltr'>infantibus</span> <span class='ocrx_word' id='word_1_595' title='bbox 328 2616 466 2652; x_wconf 88' lang='lat' dir='ltr'>teneris</span> <span class='ocrx_word' id='word_1_596' title='bbox 483 2616 506 2652; x_wconf 91' lang='lat' dir='ltr'>s.</span> <span class='ocrx_word' id='word_1_597' title='bbox 529 2618 577 2653; x_wconf 92' lang='lat' dir='ltr'>ob</span> <span class='ocrx_word' id='word_1_598' title='bbox 597 2620 834 2658; x_wconf 79' lang='lat' dir='ltr'>teneritatem</span> <span class='ocrx_word' id='word_1_599' title='bbox 854 2635 891 2660; x_wconf 88' lang='lat' dir='ltr'>et</span> <span class='ocrx_word' id='word_1_600' title='bbox 911 2624 994 2671; x_wconf 86' lang='lat' dir='ltr'>quia</span> <span class='ocrx_word' id='word_1_601' title='bbox 1017 2630 1136 2665; x_wconf 82' lang='lat' dir='ltr'>teneri</span> <span class='ocrx_word' id='word_1_602' title='bbox 1160 2631 1265 2675; x_wconf 87' lang='lat' dir='ltr'>sunt,</span> <span class='ocrx_word' id='word_1_603' title='bbox 1292 2632 1340 2670; x_wconf 63' lang='lat' dir='ltr'>cf„</span> <span class='ocrx_word' id='word_1_604' title='bbox 1355 2635 1442 2672; x_wconf 76' lang='lat' dir='ltr'>Ern.</span> <span class='ocrx_word' id='word_1_605' title='bbox 1461 2637 1555 2675; x_wconf 79' lang='lat' dir='ltr'>rhet,</span> 
     </span>
     <span class='ocr_line' id='line_1_53' title="bbox 52 2665 1557 2730; baseline 0.02 -36"><span class='ocrx_word' id='word_1_606' title='bbox 52 2665 91 2714; x_wconf 57' lang='grc' dir='ltr'>ς,</span> <span class='ocrx_word' id='word_1_607' title='bbox 116 2677 192 2710; x_wconf 76' lang='lat'>¹54·</span> <span class='ocrx_word' id='word_1_608' title='bbox 220 2675 297 2709; x_wconf 83' lang='lat'><em>300.</em></span> <span class='ocrx_word' id='word_1_609' title='bbox 311 2679 353 2719; x_wconf 44' lang='lat' dir='ltr'>e..</span> <span class='ocrx_word' id='word_1_610' title='bbox 368 2674 473 2710; x_wconf 61' lang='lat'>310„</span> <span class='ocrx_word' id='word_1_611' title='bbox 500 2666 676 2711; x_wconf 84' lang='lat' dir='ltr'>maxime,</span> <span class='ocrx_word' id='word_1_612' title='bbox 699 2681 782 2705; x_wconf 91' lang='lat' dir='ltr'>cum</span> <span class='ocrx_word' id='word_1_613' title='bbox 794 2672 928 2709; x_wconf 84' lang='lat' dir='ltr'>Noster</span> <span class='ocrx_word' id='word_1_614' title='bbox 940 2672 982 2710; x_wconf 85' lang='lat' dir='ltr'>lit</span> <span class='ocrx_word' id='word_1_615' title='bbox 999 2675 1038 2711; x_wconf 84' lang='lat' dir='ltr'>in</span> <span class='ocrx_word' id='word_1_616' title='bbox 1060 2689 1217 2717; x_wconf 85' lang='lat' dir='ltr'>numero</span> <span class='ocrx_word' id='word_1_617' title='bbox 1232 2682 1456 2730; x_wconf 85' lang='lat' dir='ltr'>scriptorum</span> <span class='ocrx_word' id='word_1_618' title='bbox 1476 2699 1557 2725; x_wconf 89' lang='lat' dir='ltr'>non</span> 
     </span>
     <span class='ocr_line' id='line_1_54' title="bbox 54 2713 1555 2779; baseline 0.015 -30"><span class='ocrx_word' id='word_1_619' title='bbox 54 2716 171 2752; x_wconf 83' lang='lat' dir='ltr'>modo</span> <span class='ocrx_word' id='word_1_620' title='bbox 191 2716 435 2762; x_wconf 78' lang='lat' dir='ltr'>elegantium,</span> <span class='ocrx_word' id='word_1_621' title='bbox 450 2713 519 2770; x_wconf 38' lang='lat' dir='ltr'>&#39;sed</span> <span class='ocrx_word' id='word_1_622' title='bbox 537 2726 576 2752; x_wconf 91' lang='lat' dir='ltr'>et</span> <span class='ocrx_word' id='word_1_623' title='bbox 595 2729 739 2772; x_wconf 48' lang='lat' dir='ltr'>eo-rum,</span> <span class='ocrx_word' id='word_1_624' title='bbox 765 2719 828 2767; x_wconf 89' lang='lat' dir='ltr'>qui</span> <span class='ocrx_word' id='word_1_625' title='bbox 844 2723 1104 2763; x_wconf 82' lang='lat' dir='ltr'>abundantiam</span> <span class='ocrx_word' id='word_1_626' title='bbox 1125 2729 1286 2779; x_wconf 87' lang='lat' dir='ltr'>aliquam</span> <span class='ocrx_word' id='word_1_627' title='bbox 1307 2744 1444 2777; x_wconf 79' lang='lat' dir='ltr'>amant,</span> <span class='ocrx_word' id='word_1_628' title='bbox 1469 2748 1555 2774; x_wconf 89' lang='lat' dir='ltr'>cum</span> 
     </span>
     <span class='ocr_line' id='line_1_55' title="bbox 52 2762 1555 2828; baseline 0.01 -25"><span class='ocrx_word' id='word_1_629' title='bbox 52 2774 130 2813; x_wconf 82' lang='lat' dir='ltr'>que</span> <span class='ocrx_word' id='word_1_630' title='bbox 153 2773 235 2804; x_wconf 84' lang='lat' dir='ltr'>tum</span> <span class='ocrx_word' id='word_1_631' title='bbox 253 2763 320 2803; x_wconf 84' lang='lat' dir='ltr'>Gr.</span> <span class='ocrx_word' id='word_1_632' title='bbox 339 2767 426 2812; x_wconf 64' lang='grc' dir='ltr'>φορὰ</span> <span class='ocrx_word' id='word_1_633' title='bbox 446 2762 548 2804; x_wconf 78' lang='lat' dir='ltr'>istam</span> <span class='ocrx_word' id='word_1_634' title='bbox 563 2777 764 2818; x_wconf 69' lang='lat' dir='ltr'>notionem</span> <span class='ocrx_word' id='word_1_635' title='bbox 781 2780 885 2812; x_wconf 72' lang='lat' dir='ltr'>certo</span> <span class='ocrx_word' id='word_1_636' title='bbox 899 2771 1051 2822; x_wconf 79' lang='lat' dir='ltr'>habeat,</span> <span class='ocrx_word' id='word_1_637' title='bbox 1078 2786 1123 2818; x_wconf 88' lang='lat' dir='ltr'>ut</span> <span class='ocrx_word' id='word_1_638' title='bbox 1139 2780 1184 2823; x_wconf 78' lang='lat' dir='ltr'>ab</span> <span class='ocrx_word' id='word_1_639' title='bbox 1198 2779 1312 2826; x_wconf 68' lang='lat' dir='ltr'>initio</span> <span class='ocrx_word' id='word_1_640' title='bbox 1332 2781 1555 2828; x_wconf 59' lang='lat' dir='ltr'>demonstra.</span> 
     </span>
    </p>
   </div>
  </div>
 </body>
</html>
