1798 3137
184 151 286 181 vnr
733 131 1161 179 PRAEFATIO.

325 241 414 290 Etsi
435 251 587 289 contra
611 242 741 289 etiam
761 241 983 300 vulgatam
1007 237 1246 286 lethonem
1267 238 1491 289 interdum
1510 244 1707 292 removi·

191 327 312 364 mus,
354 312 551 373 suscepta
580 308 719 355 statim
753 311 797 354 in
828 318 1000 353 textum
1031 307 1133 362 alia,
1177 324 1309 369 quam
1337 309 1610 373 praebebant
1633 311 1715 359 vel·

194 377 405 431 Codices,
449 379 519 422 vel
548 374 828 422 coniesturae
858 378 1300 431 commentatorum,
1344 376 1554 424 facientes
1585 379 1702 425 idem

197 444 352 491 eadem
372 461 474 490 cum
498 443 719 504 diligentia
739 453 784 487 et
800 457 882 503 per
904 436 1044 486 causas
1065 440 1264 497 idoneas,
1300 461 1338 487 v.
1359 461 1395 490 c.
1431 460 1470 500 1,
1492 450 1535 499 6,
1563 461 1632 506 ¹9·
1652 445 1708 492 ad

197 514 424 573 vulgatum
449 508 684 575 α’ξχόντων,
726 506 950 554 interdum
979 507 1089 554 adeo
1123 521 1279 555 contra
1308 514 1438 568 Mss.,
1478 510 1508 557 fi
1535 510 1707 559 neceffe

200 593 317 634 erat,
350 578 402 624 ad
426 596 557 642 quam
577 577 711 640 ipsam
733 592 915 637 operam
937 585 1131 622 attentos
1152 578 1361 624 volumus
1381 582 1478 625 tur'n
1500 581 1705 631 censores

200 646 404 693 editionis
425 647 576 697 huius,
611 655 703 689 tum
726 645 929 696 iuvenes,
965 653 1016 689 ut
1046 654 1092 689 et
1118 644 1226 691 hinc
1255 645 1429 693 sumant
1449 647 1706 710 exemplum

198 731 249 760 ac
270 723 506 778 praecepta
526 712 611 757 loci
635 708 861 756 cuiusdam
889 709 1166 758 emendandi.

333 779 417 825 Sed
440 780 520 824 fuit
539 789 687 824 tamen
708 779 837 822 etiam
852 813 862 833 ,
907 776 983 823 ubi
1003 775 1241 825 leffionem
1267 791 1465 827 veterem
1486 782 1709 844 relinque-

199 864 348 894 remus
367 845 571 892 intaEhm
587 879 597 896 ‚
633 861 717 890 nec
734 843 877 890 statim
898 845 1180 902 tolleremus,
1223 849 1324 909 quia
1350 849 1582 912 multiplex
1613 858 1708 894 erat

199 932 251 961 ac
269 916 381 960 varia
403 913 651 959 emendatio
675 926 808 976 atque
831 910 1096 969 coniestura,
1124 912 1351 977 ‚dubiaque
1373 915 1483 961 adeo
1504 928 1550 962 et
1571 916 1708 962 ambi-

202 1001 286 1044 gua
308 985 458 1044 optio,
493 982 612 1044 quod
640 983 821 1026 tertium
854 979 988 1026 iidem
1010 980 1210 1027 censores
1241 980 1500 1045 spe&abunt
1523 999 1626 1029 cum
1657 984 1710 1028 ti-

203 1050 407 1103 ronibus,
438 1059 488 1094 ut
502 1058 729 1094 momenta
748 1048 983 1111 causasque
1001 1050 1045 1095 in
1066 1059 1240 1113 partem
1260 1059 1496 1114 utramque
1516 1066 1709 1114 perpen-

204 1117 334 1172 dant,
372 1127 415 1162 et
437 1115 486 1161 ad
506 1115 784 1162 iudicandum
805 1127 962 1162 acuant
981 1118 1167 1176 ingenia.

339 1182 511 1239 Quibus
531 1185 670 1230 Notis
688 1187 855 1237 criticis,
888 1185 1032 1230 multo
1056 1184 1138 1230 illis
1160 1184 1384 1247 plurimis,
1429 1183 1529 1244 (ubi
1547 1194 1592 1230 et
1612 1183 1712 1229 dili-

208 1261 365 1312 genter
388 1249 682 1305 ostendimus,
724 1268 836 1314 qnae
857 1251 1052 1305 vocales,
1089 1251 1301 1314 syllabae,
1336 1262 1411 1297 aut
1440 1268 1572 1297 voces
1600 1251 1710 1297 adeo

205 1331 352 1373 totae,
391 1319 596 1365 confusae
616 1319 687 1365 vel
719 1317 857 1364 essent
886 1321 952 1365 vel
976 1329 1265 1383 putarentur,
1309 1330 1354 1364 et
1375 1321 1515 1374 unde,
1555 1316 1713 1364 fasturi

208 1385 397 1451 proinde
419 1387 525 1432 olim
546 1388 816 1451 peculiarem
843 1387 1032 1432 indicem
1052 1389 1099 1432 in
1121 1386 1237 1431 hanc
1255 1397 1428 1450 partem
1449 1387 1646 1432 criticam
1668 1396 1714 1432 et
1766 1390 1767 1393 ’

210 1452 538 1507 confusionem,
577 1455 629 1500 ad
659 1455 910 1518 exemplum
944 1472 983 1501 v,
1004 1471 1039 1500 c.
1068 1453 1240 1500 Alberti
1275 1456 1318 1499 in
1349 1451 1533 1500 Gloffar.
1552 1458 1612 1499 N.
1633 1455 1714 1514 T.)

208 1521 390 1567 subinde
412 1523 620 1568 accedere
642 1521 890 1568 debuerunt
898 1524 1184 1586 philologum,
1219 1520 1271 1567 ad
1287 1522 1418 1567 verba
1437 1519 1605 1582 singula
1627 1520 1713 1566 for-

206 1590 437 1651 mulasque
458 1589 630 1635 dicendi
659 1591 883 1644 valiturae,
925 1607 1007 1634 nec
1038 1588 1173 1634 modo
1205 1588 1258 1634 ad
1289 1587 1458 1634 sensum
1489 1606 1540 1634 ac
1567 1590 1714 1635 notio·

210 1673 326 1709 nem,
363 1657 431 1703 sed
454 1673 632 1720 quoque
655 1655 706 1702 ad
725 1656 968 1703 universam
990 1656 1236 1702 Herodiani
1261 1657 1572 1710 Graecitatem,
1600 1671 1716 1718 quae

208 1725 373 1787 quippe
405 1722 531 1770 dufta
563 1723 623 1770 est
652 1741 743 1770 non
771 1727 917 1770 minus
950 1743 1001 1770 ex
1031 1724 1122 1769 aliis
1147 1726 1327 1771 Graecis
1359 1725 1553 1787 optimae
1582 1734 1715 1768 notae

209 1802 340 1854 atque
380 1795 547 1848 aetatis,
601 1795 892 1848 (nominatim
939 1792 1265 1856 Xenophonte,
1322 1789 1630 1837 Demosthene
1669 1798 1718 1845 eit

209 1853 504 1920 Thucydide,
548 1877 684 1923 quem
721 1862 767 1905 in
808 1862 960 1921 primis
991 1861 1190 1905 imitatur
1223 1857 1410 1911 Noster,
1463 1857 1717 1904 conservata

211 1927 341 1971 etiam
364 1927 651 1983 obscuritate,
689 1929 939 1992 praesertim
963 1943 1046 1990 per
1067 1928 1289 1972 orationes
1309 1925 1550 1988 inspersas,)
1582 1941 1715 1987 quam
1761 1918 1763 1926 ¹

209 2010 235 2038 e
254 1993 536 2057 scriptoribus
563 1996 733 2042 serioris
753 1997 970 2060 temporis
993 1993 1308 2056 deteriorisque
1331 1990 1618 2043 conditionis,
1654 2001 1714 2035 at-
1760 2026 1762 2030 .

209 2076 297 2123 que
320 2061 426 2106 adeo
451 2081 475 2107 e
496 2065 752 2116 Latinitate,
789 2074 834 2109 et
866 2081 890 2109 e
918 2063 1062 2109 forma
1082 2064 1310 2107 Romanae
1341 2060 1547 2113 civitatis,
1591 2060 1716 2103 cuius
1759 2061 1762 2122 l

209 2144 280 2172 res
310 2128 541 2184 scribebat,
578 2148 688 2193 quae
718 2131 846 2185 fecit,
882 2141 934 2177 ut
961 2129 1174 2175 vocabula
1205 2126 1441 2191 quaedam,
1489 2126 1596 2171 olim
1630 2127 1717 2170 iam

210 2196 438 2251 usurpata,
486 2208 632 2242 tamen
663 2200 896 2245 notionem
925 2199 1178 2262 acciperent
1206 2196 1356 2249 aliam,
1404 2204 1455 2240 ut
1484 2190 1717 2253 βασιλεύς,
1759 2199 1761 2205 “

213 2260 355 2326 dewi,
390 2263 466 2308 rel.

350 2335 494 2389 Atque
512 2329 618 2375 haec
638 2331 816 2394 quidem
837 2330 1001 2378 laboris
1019 2329 1153 2379 nostri
1173 2347 1273 2395 pars
1287 2367 1298 2386 ,
1340 2328 1570 2376 consumta
1588 2329 1634 2373 in
1655 2328 1718 2371 in-

215 2394 463 2456 vestiganda
482 2399 829 2461 reperiendaque
849 2399 983 2445 nostri
1002 2401 1222 2464 scriptoris
1245 2400 1499 2446 Graecitate
1518 2393 1605 2442 five
1635 2394 1721 2459 pri-

215 2480 376 2508 vornm
396 2462 630 2508 verborum
646 2501 656 2518 ,
692 2465 777 2510 sive
797 2465 1048 2514 iunstorum
1063 2502 1073 2521 ,
1115 2466 1235 2513 unde
1257 2464 1401 2513 hausta
1423 2462 1552 2518 esset,
1581 2462 1719 2522 longe

217 2529 301 2577 fuit
322 2542 366 2574 et
388 2529 674 2577 molestiffima
695 2544 737 2578 et
758 2535 801 2578 in
825 2534 945 2580 causa
966 2537 1224 2599 praecipua,
1255 2544 1307 2580 ut
1328 2535 1375 2580 in
1396 2532 1609 2597 scriptore
1631 2530 1721 2575 hoc
1754 2564 1757 2594 j

218 2594 442 2644 traEtando
464 2613 552 2642 non
576 2600 702 2643 citius
725 2600 958 2661 longiusve
980 2602 1297 2664 progrederer,
1337 2616 1439 2648 cum
1458 2599 1623 2662 saepius
1650 2601 1720 2643 In·
1754 2609 1756 2642 ἓ

219 2664 336 2711 dices
357 2666 541 2713 aliorum
560 2666 824 2731 scriptorum
852 2669 1108 2734 inspiciendi
1139 2668 1276 2717 essent
1296 2679 1341 2716 et
1368 2664 1642 2722 consulendi,
1679 2673 1724 2712 at
