1829 3173
680 145 1119 192 PRAEFATIO.
1570 159 1653 201 xvss

129 263 280 314 nostro
301 261 494 309 multum
512 259 726 323 prosunt,
767 258 839 304 vel
860 257 1050 320 denique
1073 257 1349 320 pertinerent
1377 265 1531 303 contra
1555 257 1650 303 Ste—

67 324 72 327 ⁴
129 334 333 398 phanum
360 332 409 376 in
427 327 693 391 reprehensa
713 327 914 372 Politiani
936 325 1169 381 Versione,
1206 337 1306 372 tum
1328 327 1539 379 maxime,
1572 323 1654 372 ubi

128 401 332 450 Boecleri
351 397 557 444 refutatio
587 406 680 441 erat
703 396 866 448 inanis,
907 395 1108 440 Politiani
1130 405 1278 440 autem
1307 404 1485 455 apertus
1516 409 1654 439 error.

130 468 220 518 Sed
241 465 439 514 Leisneri
460 468 608 510 Notas
630 464 755 509 tenui
774 462 992 526 triplices,
1029 466 1230 525 quasdam
1251 462 1295 507 in
1317 464 1656 522 Programmate

130 539 262 601 super
283 531 546 580 Herodiano
575 541 621 578 et
648 531 932 591 Bergleriana
961 529 1196 585 Versione‚
1242 528 1386 593 (quod
1411 540 1655 593 propterea

131 604 361 669 separatim
388 601 475 647 fuit
495 598 903 664 praemittendum,)
925 603 1125 662 quasdam
1147 615 1284 663 porro
1306 614 1332 644 e
1353 596 1655 664 peculiaribus

129 669 452 720 Voluminibus
484 671 530 714 in
559 667 754 727 fingi-ilos
787 666 926 714 nostri
947 664 1140 714 historici
1157 665 1318 722 libros,
1359 671 1558 730 quasdam
1578 663 1653 710 de-

131 743 270 803 nique
288 741 333 784 in
357 737 551 783 editione
572 734 812 783 Oxonienfi
834 735 1042 792 secunda,
1076 754 1162 799 qua
1183 753 1264 796 per
1283 736 1419 781 vitam
1439 734 1537 780 usus
1558 740 1656 778 erat

131 811 369 857 Leisnerus
383 841 393 860 ,
436 804 490 851 ad
509 807 756 863 marginem
780 815 855 850 aut
875 804 968 849 aliis
987 804 1096 850 locis
1119 802 1382 863 exsignataS,
1419 817 1610 866 quarum
1630 818 1657 846 e

131 878 268 924 tertio
291 891 455 935 genere
478 883 653 936 partem
673 872 899 918 interdum
914 872 1114 918 dedimus
1126 869 1256 917 fimul
1268 873 1312 917 in
1325 873 1463 917 Notis
1482 867 1659 925 nostris,

133 948 268 991 etiam
289 944 395 995 illas,
430 959 538 1004 quas
551 943 783 986 Leisnerus
798 941 999 985 allineret
1019 941 1206 998 margini
1225 940 1657 998 BerglerianaeVer-

133 1012 287 1064 fionis,
329 1020 405 1056 aut
423 1009 576 1055 beatus
594 1006 762 1054 Ernesti
782 1009 973 1068 margini
994 1007 1224 1059 editionis,
1267 1024 1399 1070 quam
1422 1007 1547 1052 Parei
1574 1022 1659 1051 no-

136 1082 359 1126 minamus
393 1075 640 1122 secundam.
709 1073 878 1121 Reiskii
917 1086 1064 1121 autem
1099 1079 1244 1121 Notas
1288 1072 1426 1120 habui
1460 1073 1512 1120 ab
1541 1073 1663 1137 Ipso,'

137 1147 242 1192 dum
266 1143 460 1197 vivebat,
496 1153 727 1207 excerptas
747 1142 800 1190 ab
821 1161 961 1190 uxore
980 1141 1106 1190 Istius
1128 1141 1370 1189 doffliffima
1391 1161 1443 1188 ex
1463 1141 1660 1189 adversa-

131 1215 207 1262 riis
227 1214 396 1268 mariti,
429 1213 505 1275 qui
523 1222 570 1257 et
588 1212 711 1258 dono
731 1209 858 1258 simul
880 1213 1053 1259 miserat
1073 1212 1196 1258 binas
1219 1209 1437 1258 editiones
1447 1208 1663 1258 Basileen-

133 1281 225 1336 ses;
256 1279 378 1326 unde
404 1281 450 1325 in
480 1281 744 1326 memoriam
773 1297 941 1327 nomen
964 1279 1102 1344 Ipsius
1131 1280 1334 1326 referunt
1363 1281 1409 1325 in
1435 1280 1660 1325 Varietate

134 1346 372 1397 Lestionis.
452 1350 623 1395 Strothi
661 1360 886 1412 praeterea
926 1353 1074 1395 Notas
1115 1350 1218 1394 sum.
1248 1346 1403 1394 metus
1442 1346 1662 1410 duplices,

135 1433 299 1482 paucas
320 1415 500 1480 quidem
519 1433 543 1461 e
565 1415 917 1464 Chrestomathia
936 1421 1029 1463 eius
1043 1419 1214 1464 Graeca
1236 1416 1289 1462 ad
1309 1417 1406 1463 loca
1429 1416 1662 1480 quaedam,

136 1503 164 1531 e
184 1482 353 1531 Nostro
377 1495 604 1548 excerpta,
640 1484 714 1530 sed
736 1503 893 1531 omnes
912 1486 1008 1531 illas
1031 1503 1081 1530 cx
1111 1485 1293 1541 libellis,
1334 1501 1448 1548 quos
1474 1502 1558 1548 per
1587 1500 1662 1530 oc-

138 1552 332 1600 casiones
361 1551 633 1600 scholasticas
659 1555 705 1599 in
735 1553 1048 1601 Herodianum
1079 1553 1288 1618 scriptos,
1335 1553 1442 1599 dum
1469 1556 1520 1599 in
1549 1553 1662 1599 vivis

139 1633 254 1676 erat,
292 1620 383 1684 ipse
405 1638 583 1668 mecum
605 1624 973 1677 communicavit,
1018 1635 1195 1686 praeter
1214 1625 1506 1682 Programma
1538 1623 1584 1668 in
1614 1622 1665 1667 li·

138 1689 271 1736 brum
293 1686 512 1743 ostavum,
545 1689 667 1754 quod
689 1690 872 1737 demum
893 1690 992 1754 post
1010 1690 1181 1736 Strothi
1202 1702 1396 1738 mortem
1416 1691 1566 1754 accepi
1586 1687 1664 1734 be-

137 1758 300 1806 nevola
327 1775 464 1821 opera
490 1757 702 1813 Strauffii‚
749 1758 869 1823 apud
896 1759 1215 1805 Ricobacenses
1254 1761 1303 1805 in
1331 1759 1490 1804 vicinia
1519 1755 1665 1804 nostra

142 1842 289 1888 nuper
310 1829 551 1872 Sacrorum
573 1825 790 1873 Antistitis
814 1827 1152 1882 Litteratiffimi,
1188 1829 1259 1874 cui
1279 1830 1438 1886 gratias
1461 1845 1511 1872 ex
1534 1828 1664 1872 meri-

143 1903 194 1938 to
224 1892 434 1938 dicendas
454 1911 577 1939 mors
599 1897 902 1942 interveniens
924 1897 1183 1959 praeripuit.
1255 1895 1438 1942 Gedik'ii
1460 1895 1666 1954 denique,

142 1961 238 2005 Viri
258 1961 431 2005 Summi
461 1977 513 2005 ac
532 1963 728 2007 Berolini
748 1959 802 2006 de
823 1980 872 2007 re
894 1961 1144 2009 scholastica
1170 1966 1328 2009 eximie
1357 1965 1530 2018 meriti,
1562 1964 1666 2009 sunt

144 2037 191 2072 et
207 2027 332 2089 ¹ipfae
353 2031 505 2074 Notae
525 2027 714 2091 duplicis
736 2033 932 2090 generis,
979 2033 1136 2093 partim
1160 2048 1185 2075 e
1204 2032 1392 2079 Stoschii
1410 2035 1464 2078 V.
1485 2036 1530 2079 C.
1560 2036 1666 2078 Mu-

140 2095 216 2142 seo
228 2096 393 2140 Critico
407 2096 507 2142 Vol.
525 2113 564 2142 2.
589 2097 705 2142 Fasc.
724 2115 759 2145 1.
781 2115 825 2162 p.
840 2115 863 2144 2
878 2097 1070 2162 16.sqq.‚
1094 2100 1256 2162 partim
1273 2116 1355 2165 per
1374 2101 1539 2146 litteras
1555 2099 1664 2147 mihi

139 2161 448 2223 benignissime
468 2163 664 2211 traditae.

276 2232 474 2292 Bergleri
494 2242 645 2278 autem
667 2237 844 2292 Notae,
886 2251 996 2299 quas
1029 2236 1258 2300 separatim
1290 2236 1365 2283 hic
1383 2252 1665 2285 commemo-

145 2315 238 2345 rare
256 2308 434 2356 teneor,
473 2298 548 2346 etsi
570 2301 668 2348 sunt
689 2320 833 2359 rarae,
867 2315 1019 2350 tamen
1044 2304 1420 2352 commendantur
1452 2315 1550 2351 tum
1583 2307 1667 2354 lin-

146 2382 261 2427 guae
283 2369 475 2415 Graecae
496 2371 651 2431 peritia
671 2369 851 2432 insigni,
883 2383 979 2418 tum
1007 2375 1193 2420 maxime
1212 2374 1418 2421 facilitate
1437 2390 1487 2420 ac
1506 2378 1666 2421 verita-

145 2443 193 2480 te
212 2434 593 2494 emendationum,
637 2439 690 2485 ad
710 2457 815 2502 quas
837 2441 967 2504 saepe
995 2442 1124 2487 etiam
1147 2441 1267 2487 ducit
1290 2442 1491 2489 eiusdem
1512 2443 1667 2491 Versio

146 2511 270 2557 tunc,
305 2502 379 2549 ubi
400 2505 446 2551 in
465 2508 601 2552 Notis
622 2509 773 2562 tacuit,
804 2525 888 2554 nec
910 2514 1063 2556 Notae
1082 2509 1258 2556 futurae
1275 2509 1449 2571 signum
1473 2510 1665 2574 punsto-

148 2587 247 2618 rum
267 2574 400 2618 trium
422 2575 496 2633 (·.·)
517 2575 630 2620 intra
651 2573 913 2623 Versionem
937 2578 1105 2642 posuit,
1147 2595 1239 2642 quo
1260 2578 1402 2643 posito
1426 2580 1667 2638 interdum,

147 2648 298 2686 tamen
320 2651 466 2687 morte
486 2654 757 2705 praeventus
779 2643 853 2699 est,
885 2664 977 2710 quo
996 2648 1144 2692 minus
1167 2647 1303 2710 ipsam
1327 2646 1666 2695 subiiceretNo-

145 2714 258 2766 tam,
294 2709 608 2774 quam'sortem
625 2713 692 2759 alii
714 2712 933 2763 dolebunt
950 2714 1200 2770 nobiscum,
1235 2717 1324 2780 qui,
1357 2714 1458 2783 post
1470 2719 1664 2765 Leisneri
