1829 3173
605 181 1040 226 PRAEFATIO.
1479 199 1582 231 xlx

69 293 450 350 dem'liberalitas,
485 309 586 340 cum
616 291 851 352 magnifiee
880 291 1168 338 contemserit
1187 291 1383 348 sumtus',
1419 293 1583 343 facien-

70 365 152 411 dos
181 365 280 410 illos
309 365 354 410 in
375 362 649 427 plagularum
669 359 939 421 singularum
968 358 1138 415 miss'u83
1181 370 1231 406 ut
1250 371 1400 406 tamen
1424 362 1478 408 ab
1499 364 1584 411 hac

67 433 321 492 integritate
349 447 398 477 ac
431 431 621 492 puritate
644 444 747 474 eum
768 427 1011 474 redemtori
1040 427 1219 475 accedat
1247 445 1392 476 noms
1422 430 1585 490 honor,

67 509 167 546 tum
197 499 380 545 editioni
411 496 745 544 commendatio
772 498 927 542 maior.

205 598 291 646 Sed
325 597 484 653 redeo,
536 595 654 644 unde
692 597 924 659 paululum
963 594 1171 657 digressus
1211 597 1317 644 sum.
1403 602 1584 650 Etenim

35 720 45 721 ἶ
65 659 294 734 Praeterea
327 663 530 713 laudandi
561 666 660 711 sunt
688 665 735 710 hi
762 667 915 720 etiam,
960 667 1034 727 qui
1064 666 1271 714 iuverunt
1300 667 1584 731 suppeditan-

67 737 135 784 dis
166 736 284 782 libris
315 735 418 781 aliis.
487 737 540 779 In
572 750 661 797 quo
693 749 858 792 genere
889 749 940 778 ac
966 731 1186 780 beneficio
1224 729 1480 783 reverenter
1513 738 1586 784 ha·

65 804 155 852 beo
191 820 240 850 ac
271 804 460 850 nomino
490 813 584 847 tum
616 800 771 857 Illum,
826 803 901 864 qui
944 798 1111 863 praeest
1140 802 1479 865 Splendidiffimi
1512 810 1585 852 Se-

67 884 197 918 natus
229 869 385 935 Lipsici
414 868 707 916 ornatissimae
740 866 1173 931 instruffiffimaeque
1205 869 1522 930 bibliothecae,
1558 890 1585 919 e

65 956 155 1004 qua
192 939 392 999 Bergleri
429 954 544 983 nova
584 936 834 983 Herodiani
883 935 1116 990 xferfione,
1172 937 1276 983 inde
1325 957 1347 984 a
1384 943 1588 989 Leisneri

67 1019 239 1064 morte,
281 1019 403 1062 utor,
440 1005 515 1051 suo
545 1015 750 1066 tempore
778 1002 1002 1049 reddenda
1030 1000 1154 1049 reste
1182 1004 1455 1071 summisque
1478 1026 1588 1058 cum

67 1077 241 1136 gratiis,
284 1085 382 1120 tum
411 1077 533 1125 Hos,
587 1071 662 1133 qui
697 1081 854 1117 curant
883 1069 1203 1117 bibliothecam
1229 1073 1406 1121 scholae
1437 1078 1589 1123 cathe-

68 1141 221 1197 dralis,
272 1157 385 1204 quae
415 1141 544 1186 Cizae
581 1138 734 1193 floret,
787 1142 917 1185 Viros
955 1156 1142 1200 genere,
1189 1156 1376 1187 munere
1415 1147 1587 1192 meritis

63 1226 158 1272 que
180 1210 398 1263 Eximios‚
437 1207 579 1260 unde,
609 1223 691 1271 per
712 1204 858 1253 officia
876 1206 1093 1253 benevola
1114 1223 1216 1254 cum
1239 1208 1355 1255 beati
1377 1212 1588 1269 Strauffii,

62 1276 192 1340 supra
213 1277 470 1329 memorati,
509 1285 605 1321 tum
630 1274 832 1330 Milckii‚
870 1280 920 1321 V.
942 1276 1028 1331 CL,
1072 1275 1273 1323 Retioris
1305 1277 1363 1324 ibi
1385 1279 1589 1329 Doffiffi,

22 1336 30 1346 Χ
61 1347 149 1401 mi,
196 1346 242 1391 in
283 1343 487 1390 manibus
526 1341 588 1389 est
626 1344 735 1390 meis
785 1343 921 1390 editio
961 1344 1208 1396 Herodiani
1246 1346 1404 1393 Aldina
1442 1351 1587 1397 maior

62 1428 169 1459 cum
195 1411 512 1476 Sylburgiana3
552 1410 710 1474 quibus
744 1410 865 1458 libris
895 1427 998 1458 cum
1029 1428 1121 1457 non
1144 1411 1233 1458 sine
1259 1411 1407 1461 fmau
1428 1427 1472 1462 et
1492 1418 1585 1481 ipse

60 1490 186 1537 utar,
240 1490 286 1526 et
324 1480 504 1544 publica
530 1479 830 1526 litteratorum
868 1478 1107 1526 commoda
1142 1480 1337 1528 multum
1374 1483 1585 1531 adiuven-

58 1558 156 1595 tur:
205 1547 436 1595 habebunt
465 1546 674 1595 beneficii
706 1547 839 1594 huius
868 1545 1093 1603 ausstoreS,
1138 1547 1260 1594 unde
1294 1551 1587 1612 gratiffimum

61 1632 88 1663 a
116 1632 190 1663 me
227 1615 464 1680 expeEtent
505 1618 725 1670 animum,
776 1626 821 1662 et
857 1633 964 1662 vero
996 1617 1130 1662 etiam
1154 1617 1198 1663 se
1225 1634 1319 1665 non
1352 1623 1588 1684 poeniteat

60 1681 426 1738 benevolentiae,
471 1685 530 1730 ita
558 1682 794 1746 magnifice
825 1683 1077 1730 declaratae.

200 1789 305 1841 Quo
334 1783 496 1832 eodem
523 1786 569 1831 in
599 1802 765 1847 genere
791 1784 1064 1848 proferimus
1095 1795 1185 1832 tres
1218 1784 1371 1847 simul,
1415 1793 1585 1839 Trom-

59 1851 207 1898 lerum
243 1870 350 1900 cum
389 1854 592 1899 Scheelio
632 1864 678 1899 et
716 1852 970 1907 Nackium,
1031 1871 1223 1918 quorum
1264 1856 1356 1903 duo
1395 1861 1584 1922 priores,

62 1918 199 1965 ambo
237 1930 436 1966 oratores
469 1920 632 1973 diserti,
679 1920 811 1967 ambo
842 1919 1050 1967 antistites
1080 1922 1305 1970 sacrorum
1339 1927 1586 1986 graviffimi,

62 1982 142 2031 iste
163 1984 280 2048 apud
306 1986 742 2046 Schneebergenses,
788 1987 862 2032 hic
884 1990 1102 2035 Camentii
1132 1992 1177 2037 in
1206 1992 1398 2049 Lusatis,
1448 1994 1585 2042 ambo

61 2050 400 2100 coniunffiffimi
423 2071 626 2109 mecum,
663 2052 740 2100 iste
758 2052 1000 2111 affinitatis,
1036 2057 1108 2101 hic
1139 2058 1318 2118 collegii
1339 2062 1586 2124 qnondam,

57 2137 183 2167 nunc
212 2122 429 2167 amicitiae
468 2121 673 2179 vinculo,
723 2121 797 2169 sed
836 2125 996 2169 tertius
1034 2123 1151 2187 apud
1188 2126 1495 2176 Oelsnicenses
1534 2133 1585 2178 in

13 2199 17 2206 '
57 2189 219 2235 vicinia
250 2186 396 2235 nostra
424 2206 518 2235 non
551 2201 727 2237 tantum
753 2192 854 2236 artis
876 2188 1067 2237 musicae
1087 2193 1242 2254 peritia
1261 2195 1476 2244 interiore
1497 2199 1583 2245 cla-

56 2273 159 2311 ruS,
196 2272 353 2303 vemm
384 2268 429 2303 et
461 2259 522 2303 rei
551 2254 809 2314 litterariae,
844 2275 895 2305 ac
923 2258 979 2305 de
1010 2259 1159 2305 schola
1188 2261 1247 2307 ibi
1278 2279 1362 2325 per
1389 2265 1585 2327 longum

57 2333 239 2386 tempus
270 2323 387 2371 bene
412 2327 617 2380 meritus,
662 2327 738 2389 qui
767 2327 905 2387 igitur
934 2344 1079 2390 usque
1109 2326 1163 2373 ad
1188 2328 1309 2376 hunc
1337 2331 1454 2379 diem
1486 2352 1583 2382 mu·-
1651 2381 1654 2383 ,

57 2399 140 2437 tuo
162 2391 462 2439 concedentes
483 2391 642 2454 singuli
670 2393 865 2454 {iugulos
886 2394 1045 2447 libros,
1083 2387 1286 2461 Eutropii
1314 2417 1416 2447 cum
1442 2403 1584 2449 Grae-

60 2475 111 2505 ca
140 2459 410 2524 Metapbrafi
438 2472 484 2506 et
518 2460 683 2508 Zofimi
711 2462 954 2509 editionem
979 2462 1266 2512 Cellarianam
1297 2470 1488 2531 primus,
1521 2472 1582 2517 al-

14 2570 19 2576 ,
57 2536 130 2573 ter
156 2529 344 2573 Henrici
372 2529 586 2593 Stephani
614 2529 918 2585 Thes-aurum,
964 2528 1038 2576 sed
1067 2534 1225 2579 tertius
1256 2537 1421 2582 Suiceri
1451 2539 1582 2585 The-

29 2594 255 2650 Jnurum,
304 2605 470 2642 tantam
498 2614 522 2643 a
550 2614 625 2644 me
654 2599 848 2645 inierunt
879 2600 1084 2658 gratiam,
1136 2611 1188 2646 ut
1220 2600 1351 2650 huius
1380 2603 1584 2666 benigni·

56 2663 158 2708 tatis
203 2666 462 2710 memoriam
501 2681 605 2712 cum
644 2665 741 2729 ipso
776 2669 948 2716 Eorum
986 2666 1107 2715 cultu
1144 2678 1276 2734 atque
1312 2688 1464 2721 amore
1494 2689 1580 2739 per

59 2745 244 2779 omnem
272 2733 406 2782 vitam
436 2730 517 2780 sim
530 2733 898 2803 conservaturus.
