1798 3163
167 134 274 183 208
314 126 535 177 LIBERI.
567 130 788 177 CARVI.
826 131 878 176 A.
901 131 957 175 V.
977 130 1173 188 0933.
1215 131 1353 184 CHR-
1377 135 1440 178 N.
1471 138 1589 183 1804

160 248 388 313 ,ἁπέχειῐί
407 243 478 304 τὴν
502 240 760 313 ἐπιθυμίη.
802 242 885 294 τῶν
930 259 1008 315 14.
1062 257 1150 298 cent
1196 245 1479 316 cupiditatem.
1572 247 1664 301 Illis

159 324 265 391 »μὲν
282 320 376 392 γοὶς
396 326 537 374 ἐκεῖσε
557 322 632 371 καὶ
655 321 799 391 ὅῖεξον
822 320 895 369 ἐπὶ
929 323 1093 391 quidem
1151 324 1220 373 vel
1252 323 1520 392 postmodum
1569 325 1664 374 lon-

253 451 290 484 ῃ)
315 449 378 480 Ms.
402 448 454 479 ΒΞ,
470 447 570 484 enixu
588 451 643 481 a„
667 443 759 486 quod
780 438 849 485 Stp.
867 438 1024 475 malebat.
1047 439 1156 476 Mart.
1189 444 1293 476 eriam
1311 443 1351 476 fic
1370 445 1406 476 in
1416 446 1482 479 Ms.
1503 448 1567 480 νε.
1586 456 1664 478 cum

163 493 243 541 edd.
262 496 308 525 A.
325 501 355 524 ι.
382 499 415 523 et
434 492 469 522 Β.
489 501 518 524 1.
534 511 546 527 ‚
576 500 610 523 v.
627 489 675 522 N.

161 588 313 639 ’ἔγκειται
327 616 347 632 ‚-
364 590 427 627 sed
451 594 555 634 1069.
574 601 622 624 m.
648 584 819 633 ἔγκειται,
841 592 1023 630 ἐπίκειται,
1051 589 1152 636 quod
1172 590 1281 626 ducat
1299 591 1343 626 ad
1355 591 1667 640 Leisn.primum,

160 655 237 690 quo
258 653 380 677 tamen
400 650 478 674 non
498 637 709 685 explicarim
727 637 911 678 nostrum,
945 651 965 673 a
983 638 1063 685 Stp.
1084 639 1157 675 Th.
1181 651 1211 680 ι,
1232 653 1333 685 ¹207·
1354 643 1393 677 F.
1412 655 1460 678 m.
1490 641 1567 678 line
1591 640 1664 675 alia

161 693 225 729 Vs.
245 689 412 726 additum
434 689 497 724 sub
531 691 606 728 „an
636 686 701 733 pro
731 696 868 733 urgeo,
896 686 1076 734 ιἰηρείὲοῐι
1108 698 1202 735 quae
1219 688 1307 725 sunt
1328 690 1543 727 nostratium
1563 690 1664 724 drin-

154 743 272 790 gend,
297 738 418 785 quod,
445 748 528 772 cum
549 738 611 783 Bg.
631 748 761 782 urgens
780 746 818 770 et
839 734 915 783 syn.
932 745 1114 782 premens,
1143 748 1253 784 tropo
1275 749 1421 775 remoto
1437 763 1448 779 ‚
1473 739 1572 774 valet
1590 737 1663 784 i.q.

159 787 423 826 neceffarium,
456 796 616 833 cogenS,
652 784 808 820 suadens
822 806 831 823 ‚
868 784 1027 824 faciens,
1065 796 1106 819 ut
1123 785 1162 820 id
1182 787 1422 834 exsequamur
1443 800 1483 824 et
1501 787 1665 823 absolva-

160 847 266 877 muS‚
297 847 342 871 nt
363 835 441 870 lnd.
463 835 542 870 Ael.
567 833 612 867 V.
631 833 668 869 h.
706 832 813 878 „dzee
831 837 893 869 τῶν
912 832 1130 876 ἐπειγόντων,
1159 837 1201 870 de
1215 837 1324 872 rebus
1341 838 1566 883 urgentibus,
1591 847 1666 870 tna·-

158 887 260 924 xime
279 881 514 921 necess‘ariis“
543 883 589 918 G.
611 883 685 919 Tb.
706 882 746 917 in
770 884 829 929 ssg.
851 894 933 917 Cum
956 883 1021 917 Gr.
1040 894 1074 916 ιι.
1096 892 1252 919 tenente
1278 896 1453 932 „cogere,
1481 895 1664 932 premere,

159 935 378 982 impellere,
408 935 494 978 (nec
512 941 639 968 tamen
659 931 795 968 deinde
815 930 955 976 aliquid
973 931 1013 966 in
1033 943 1109 966 rem
1127 931 1307 974 nostram,
1339 935 1425 978 nec)
1448 946 1602 980 urgmr,
1623 949 1665 959 —·

160 987 330 1027 ἐπείγων*
360 982 556 1019 nobiscum
576 981 786 1028 explicante
801 1004 811 1019 ,
848 980 983 1026 quibus
1008 991 1130 1015 tamen
1147 980 1268 1018 faveat
1288 981 1379 1017 illud
1400 982 1447 1018 ib.
1468 981 1664 1017 deterioris

157 1031 317 1074 saeculi,
342 1031 546 1079 urgentiori
563 1030 698 1066 affioni
718 1041 786 1064 non
806 1028 853 1076 cst
873 1027 1067 1075 prandium
1081 1030 1386 1077 praeferendum3
1413 1030 1666 1067 faciente-tue·

157 1095 241 1119 cum
263 1081 324 1116 hic
342 1080 459 1115 vern.
481 1091 558 1115 vet.
573 1104 584 1119 ,
617 1079 679 1116 sed
698 1078 784 1114 sch.
807 1079 887 1112 fere
905 1089 989 1113 cum
1009 1079 1047 1113 Ρ.
1072 1083 1120 1120 ,,ἐ·.
1143 1080 1418 1115 incumbentia.“

209 1131 352 1176 ἆπὲχει)
382 1128 509 1164 Malim
527 1134 656 1172 ἐπέχει.
707 1127 768 1162 Sic
790 1126 888 1163 infra
909 1132 961 1170 (Ι,
982 1135 1016 1168 8,
1027 1128 1075 1171 ς.)
1100 1134 1205 1173 μέχρι
1222 1135 1281 1171 μὲν
1299 1124 1353 1166 οὖν
1372 1127 1460 1170 τινδς
1477 1132 1595 1172 ἐπεῖχε
1605 1123 1667 1164 τδν

158 1186 326 1221 νεανίσκον
349 1175 367 1218 ›3'
388 1194 427 1215 τε
449 1180 510 1215 τοῦ
527 1177 656 1224 πατρὸς
673 1176 805 1221 μνήμη»
835 1187 869 1211 λ.
921 1177 1059 1212 Verum
1079 1188 1117 1211 et
1134 1182 1249 1222 ἔινέχει
1267 1176 1371 1214 scribi
1393 1180 1523 1224 potest,
1544 1188 1586 1212 ut
1609 1176 1666 1212 di·

157 1231 213 1266 cit
233 1229 340 1277 paulo
367 1226 446 1274 post
463 1229 552 1275 (hoc
570 1238 600 1260 c.
622 1224 654 1269 §-
676 1239 694 1260 2
702 1235 734 1271 3.
758 1226 823 1270 tn.)
842 1229 972 1270 ἀνέχειν
991 1229 1052 1266 τὰς
1073 1227 1139 1262 τῶν
1151 1231 1328 1273 βαρβάρων
1347 1230 1534 1272 ἐπιδρομάς.
1546 1225 1664 1273 Stepb.

157 1279 340 1325 Intelligis
362 1289 383 1311 e
402 1278 465 1325 Eg.
488 1274 813 1322 interpretatione,
839 1275 929 1320 quid
944 1272 1007 1309 fibi
1027 1274 1120 1310 velit
1143 1275 1236 1310 illud
1256 1281 1380 1319 ἀπεχ..
1408 1274 1570 1311 uilicum
1585 1278 1664 1321 Stp.

157 1328 360 1378 legendum
382 1323 529 1372 putavit
548 1329 646 1368 ἐπεχ.
669 1324 786 1359 Leisn.
838 1322 980 1358 Melior
1000 1321 1148 1359 videtur
1171 1324 1262 1359 Cod.
1280 1324 1391 1360 lec'tio
1408 1328 1508 1369 ἐπεχ.
1525 1323 1663 1359 Stroth.

268 1375 349 1413 Sch.
380 1374 419 1409 in
451 1378 537 1416 „am
565 1373 762 1422 abstinent,
807 1371 1032 1419 prohibent,
1076 1373 1270 1408 retrahunt
1292 1373 1384 1408 haec
1406 1373 1665 1421 “rapiditatem“

156 1428 239 1474 Stp.
259 1434 418 1462 tenente
436 1421 476 1458 in
495 1423 569 1458 Th.
589 1434 659 1457 nec
677 1421 778 1457 hunc
797 1421 922 1457 locum
939 1420 978 1456 in
997 1421 1094 1469 vulg.
1107 1426 1238 1466 ἔοι-εχ..
1267 1434 1336 1457 nec
1358 1421 1523 1463 limilem,
1550 1432 1588 1457 at
1598 1422 1662 1458 Sb.

156 1476 241 1514 Ind.
269 1473 347 1520 post
376 1473 476 1520 vulg.
505 1470 585 1507 lest.
612 1470 702 1506 hinc
729 1468 880 1518 „aptius
899 1475 952 1507 ἐπ.
969 1470 1131 1505 inhibet¹‘
1167 1472 1228 1507 led
1246 1470 1348 1507 Dres.
1367 1470 1414 1506 de
1434 1473 1477 1507 V.
1499 1471 1597 1506 med.
1628 1482 1663 1516 p.

160 1537 240 1574 193.
265 1525 312 1568 i.,
345 1522 455 1558 etiam
479 1533 498 1555 e
516 1520 618 1567 vulg».
637 1520 717 1554 lest
754 1518 975 1566 „cupiditati
996 1518 1209 1567 νιγῐβιήιιιε·ί
1239 1520 1318 1557 fere
1346 1532 1432 1556 cum
1450 1520 1512 1560 P..
1551 1530 1666 1567 quem

157 1575 298 1613 :nescias
314 1598 324 1615 ,
362 1571 452 1619 quid
473 1569 510 1605 in
534 1569 601 1604 suo
623 1568 814 1610 habuerit,
847 1580 1060 1615 quanquam
1078 1568 1325 1610 sententiam,
1359 1569 1448 1604 huic
1467 1569 1553 1604 loco
1573 1580 1667 1604 con-

157 1622 374 1662 venientem
387 1646 397 1661 .
432 1618 618 1666 expressit,
645 1627 788 1653 remota
808 1616 1023 1663 metaphora
1040 1625 1079 1652 et
1095 1616 1390 1665 prosopopoeia,
1416 1629 1488 1663 qua
1507 1630 1576 1659 res,
1602 1617 1666 1652 hic

157 1671 425 1719 tmnligemhe,
453 1666 611 1709 faciunt,
638 1679 678 1703 ut
698 1667 903 1711 desiderium
923 1666 996 1699 hoc
1012 1667 1171 1713 patriae,
1194 1667 1272 1712 (τῆν
1298 1679 1364 1714 pro
1385 1664 1509 1707 ταύτην
1520 1677 1559 1702 et
1569 1669 1664 1704 ἐπιθ.

157 1720 379 1769 accipiendo
399 1719 534 1754 iterum
550 1741 561 1757 ‚
597 1726 641 1751 ut
665 1716 698 1764 §.
718 1727 771 1762 pr.
795 1717 846 1761 e.)
873 1715 913 1749 in
942 1713 1068 1749 animo
1088 1713 1159 1749 iam
1184 1725 1311 1751 ortum
1331 1728 1371 1750 ac
1390 1715 1578 1762 praesens,
1615 1715 1667 1751 ob

154 1772 190 1821 §.
210 1785 265 1820 pr.
286 1765 382 1810 iam,
407 1765 638 1815 opprimatur
655 1765 790 1809 plane,
818 1773 883 1799 aut
902 1773 1004 1798 certe
1026 1763 1264 1800 contineatur
1284 1768 1592 1812 co‘e'rceaturque,
1615 1775 1668 1799 ne

155 1821 317 1861 nimium
339 1809 423 1859 fiat,
459 1826 498 1851 et
527 1813 771 1861 cupiditatem
802 1813 953 1848 alteram
971 1812 1032 1847 hic
1049 1812 1223 1848 manendi
1245 1812 1424 1860 expellam
1461 1823 1556 1860 quae
1583 1810 1669 1848 sen-

155 1870 274 1911 tentia
297 1867 396 1905 cadit
414 1877 492 1901 non
513 1863 628 1900 modo
651 1864 691 1898 in
709 1863 775 1898 Gr.
797 1864 895 1905 ἐτεχ.
918 1870 957 1896 et
974 1860 1053 1896 Lat.
1072 1863 1154 1903 Sb..
1192 1860 1254 1897 sed
1275 1861 1387 1898 etiam
1407 1861 1509 1898 forte
1525 1861 1567 1897 in
1584 1862 1666 1898 Lat.

155 1925 223 1970 Bg.
245 1931 283 1956 et
302 1919 387 1955 sch.
408 1926 521 1961 atque
544 1912 585 1948 in
605 1913 671 1948 Gr.
691 1912 815 1959 vulg.‚
857 1922 933 1957 quo
953 1909 1000 1945 de
1017 1909 1111 1945 nihil
1134 1909 1275 1957 reperi,
1307 1904 1383 1947 huc'
1407 1909 1666 1958 profuturum.

157 1983 194 2006 v.
216 1968 294 2005 lnd.
312 1968 434 2002 Hom.
455 1962 540 2000 Hes.
563 1961 666 1998 Arist.
694 1961 795 1998 Kust.
827 1961 944 1996 Dion.
962 1959 1013 1994 H.
1043 1959 1082 1994 S.
1105 1960 1151 1994 T.
1169 1971 1198 1995 1.
1227 1959 1352 2008 Kypk.
1377 1972 1411 2000 1.
1443 1970 1523 2005 ¹93·
1562 1959 1665 1995 Harl.

158 2019 245 2057 Chr.
268 2017 331 2052 Gr.
352 2016 391 2050 P.
415 2016 520 2061 p.60.
538 2025 572 2049 v.
588 2021 666 2056 33.‚
701 2008 766 2046 nifi
795 2011 900 2057 quod
924 2007 1080 2044 subinde
1099 2008 1253 2045 vertitur
1271 2009 1352 2046 Lat.
1371 2009 1561 2056 impedire,
1596 2007 1667 2044 ubi

159 2070 205 2105 G.
230 2067 305 2102 Th.
327 2075 411 2110 994.
430 2068 488 2102 86.
516 2059 725 2108 „religione
745 2058 934 2107 impediff‚
959 2056 984 2092 i.
1008 2056 1193 2099 detineri,
1218 2057 1348 2098 arceri,
1368 2057 1443 2103 (sed
1464 2056 1504 2092 in
1516 2056 1664 2104 hocBg.

158 2116 255 2165 ips01
276 2135 316 2143 -—-
336 2120 509 2156 συνέχειν,
531 2129 567 2137 -—
597 2109 745 2157 proprie
762 2107 979 2148 continere,
1013 2110 1078 2151 (ne
1099 2106 1191 2154 quid
1215 2106 1396 2142 dilabatur
1418 2117 1460 2141 ac
1475 2105 1547 2142 sese
1568 2104 1668 2141 divi·

159 2169 244 2205 dat,
270 2161 417 2211 phyfice
436 2160 585 2207 quidem
598 2183 609 2199 ‚
643 2158 754 2194 nobis
772 2156 968 2205 zusammen
989 2156 1131 2197 hatten,
1164 2166 1229 2191 aut
1243 2167 1291 2192 ne
1309 2153 1399 2203 quid
1419 2167 1441 2190 e
1458 2154 1525 2190 suo
1544 2166 1668 2191 erum·

161 2227 226 2264 pat
245 2213 361 2256 loco,)
381 2212 537 2249 cohibeo,
567 2212 699 2250 ἐπέχω,
726 2213 884 2250 κατέχω..
913 2210 1096 2252 συνείςγω,
1124 2203 1205 2240 fere
1225 2204 1248 2240 i.
1264 2216 1300 2252 q.
1320 2203 1502 2241 contineo
1517 2227 1530 2246 ,
1558 2208 1669 2240 coffr-

162 2276 245 2301 ceo,
263 2281 299 2290 -
322 2271 473 2299 cavere,
498 2269 547 2293 ne
568 2267 711 2303 praeter
728 2255 785 2290 ius
804 2265 842 2290 et
863 2255 1047 2290 rationem
1067 2252 1226 2289 crescat“
1254 2251 1296 2289 in
1324 2254 1435 2289 inhib.
1465 2262 1503 2288 et
1526 2253 1668 2302 prohib.

161 2325 249 2356 cum
268 2312 351 2346 Grr.
376 2309 422 2344 al.
437 2330 448 2348 ‚
475 2305 538 2342 sed
556 2305 596 2341 in
615 2317 646 2338 ν.
669 2303 825 2339 contineo
845 2303 979 2339 iterum
1000 2314 1082 2338 cum
1102 2301 1176 2338 istis
1193 2306 1294 2347 ἑπεχ,
1323 2312 1362 2338 et
1380 2317 1525 2347 uertex..
1558 2311 1601 2338 ut
1625 2301 1668 2340 in

163 2361 250 2397 Sch'.
270 2360 397 2394 severo
418 2355 544 2406 abstin.
562 2365 650 2389 curn
672 2353 737 2388 Gr.
760 2351 904 2393 nostro,
933 2352 1022 2388 etin
1041 2351 1155 2392 med.;
1182 2362 1224 2386 ut
1239 2363 1279 2387 et
1295 2363 1361 2398 per
1381 2352 1478 2387 hanc
1487 2351 1568 2387 Lat.
1581 2362 1670 2387 ana·

162 2410 303 2457 logiam
321 2406 438 2453 magis
461 2404 628 2440 firmetur
646 2404 726 2449 Stp.
745 2406 863 2446 ἐπεχ..
900 2399 990 2436 ficut
1019 2411 1174 2448 quoque
1198 2412 1263 2446 per
1294 2401 1454 2437 crebram
1478 2398 1668 2436 confulio·

163 2470 252 2496 nem
272 2469 322 2503 pr.
343 2455 411 2492 ἀπὸ
432 2466 469 2490 et
484 2458 551 2493 ἐπὶ,
577 2453 602 2488 s.
622 2450 829 2487 litterarum
847 2465 869 2485 a
888 2460 927 2485 et
944 2464 972 2490 ε,
1000 2459 1042 2485 ut
1060 2460 1184 2485 tamen
1204 2461 1263 2485 me
1281 2449 1401 2486 adhuc
1412 2446 1667 2486 continuerint

167 2520 186 2544 a
214 2508 302 2543 Mss.
327 2503 495 2540 novitate
515 2502 563 2537 ob
583 2499 694 2536 fidem
716 2510 846 2535 eorum
866 2497 1036 2538 dubiam,
1060 2509 1153 2544 quae
1172 2498 1321 2535 novitas
1340 2511 1431 2535 vero
1448 2496 1590 2535 reiiciat
1601 2508 1667 2545 per

166 2556 204 2593 se
230 2557 380 2590 alteram
404 2556 482 2598 Stp.
508 2550 756 2586 conietluram
774 2548 814 2584 in
832 2552 928 2591 ἂνεχ.

212 2605 278 2641 τῶν
299 2604 372 2647 μὲν)
398 2603 460 2648 Bg.
485 2614 505 2636 e
529 2602 565 2635 Ρ.
585 2598 740 2634 lei-vavit
762 2609 840 2632 non
858 2603 949 2643 γὰρ,
978 2595 1025 2633 cf.
1044 2607 1168 2632 tamen
1190 2607 1222 2637 1,
1237 2607 1271 2641 ς,
1295 2608 1370 2641 17..
1391 2594 1452 2632 sed
1467 2595 1666 2633 formulam

167 2656 232 2694 τῶν
256 2657 300 2688 ἐκ.
315 2676 324 2692 ,
361 2649 572 2685 conversam
593 2647 720 2684 aliter,
758 2658 869 2694 quam
897 2647 929 2693 §.
951 2657 1026 2692 pr.,
1061 2658 1126 2692 per
1145 2645 1264 2681 solum
1287 2658 1420 2693 pron..
1458 2657 1525 2692 pro
1551 2645 1668 2687 rebus.

170 2701 280 2741 bonis
301 2699 399 2736 istius
418 2697 602 2745 regionis,
628 2697 747 2750 urbis,
773 2695 930 2742 patriae.
958 2694 1083 2737 domi,
1109 2706 1198 2742 quae
1214 2693 1293 2730 illic
1305 2695 1409 2743 sunt,
1433 2692 1575 2742 patriis,
1608 2705 1670 2731 ur-.

170 2749 277 2790 banis
294 2746 458 2792 deliciis,
482 2745 529 2785 cf.
549 2746 579 2793 §.
593 2756 627 2794 3.
649 2758 694 2788 ι.,
721 2745 806 2783 Sch.
826 2745 868 2783 in
893 2751 981 2788 »τῶν
1000 2755 1086 2782 cum
1103 2744 1235 2783 adw-
1255 2746 1331 2782 tius
1340 2741 1412 2782 loci
1422 2742 1550 2781 rebam·
1564 2742 1669 2780 ,bene
