1772 3158
203 128 433 182 LIBERI.
477 133 602 180 CAP.
627 135 680 181 X.
716 136 769 178 A.
785 133 840 178 V.
863 133 914 179 C.
941 142 1063 188 933.
1107 131 1245 179 CHR.
1268 133 1332 176 N.
1361 134 1477 180 180.
1541 135 1665 188 389,-

127 272 161 312 χ
169 249 306 320 ὦςουν.
319 250 374 303 ὠς
387 261 410 284 ῑῐ
423 242 472 298 δὲ
484 249 637 296 ταῦτα
650 242 863 304 ἐδηλώθη
907 264 952 309 5.
972 250 1248 299 recedebant.
1299 254 1366 298 Ut
1377 261 1521 298 autem
1534 250 1645 300 haec

127 328 188 375 τῶ
232 319 473 389 Κομμὲδῳ,
535 319 656 388 posto).
701 320 861 377 ’πάσης
898 330 1102 374 nunciata
1117 328 1215 373 sunt
1230 326 1494 382 Commodo,
1541 327 1644 391 ple-

125 403 253 470 ὀξγῆς
271 420 320 450 τε
331 401 407 450 καὶ
429 401 616 454 οἱπειλῆς
636 398 862 450 ἐπιτέλλει
897 420 982 450 nus
995 403 1244 450 iracundiae
1255 414 1298 450 et
1309 405 1529 449 minarum
1548 405 1640 468 epi⁴

212 534 250 570 u)
274 533 338 565 Ms.
359 531 411 563 Ba.
431 533 451 561 ὦ
470 531 551 561 δὶλ.
577 526 747 560 mendose.

120 645 246 693 Progr.
269 643 312 679 ad
337 655 367 683 r,
387 655 422 689 9,
439 654 516 683 22.;
549 640 650 679 unde
672 647 718 680 τὰ
737 654 770 679 λ.
797 641 902 678 aliter
932 641 1111 678 debemus
1134 652 1287 689 capere,
1319 651 1430 688 quam
1460 652 1512 687 pr.
1533 646 1634 686 μέρη,

118 705 178 734 et,
213 691 467 729 subintellecto
491 691 594 727 subst.
614 690 793 738 χρήματα,
820 693 866 728 de
887 691 995 728 rebus
1020 690 1184 738 reliquis,
1210 690 1361 738 quaein
1384 688 1455 725 istis
1479 689 1636 727 urbibus

118 742 195 788 rupi
219 752 415 788 poterant,
442 740 486 776 ad
507 740 645 777 bellurn
664 753 704 776 ac
723 741 860 778 visturn
889 740 1188 787 pertinentibus,
1216 739 1399 786 pecuniis,
1425 737 1634 780 frumento,

118 792 331 833 mercibus,
367 789 586 837 pecoribus,
611 789 712 827 forte
731 802 769 827 et
788 789 957 838 personis
974 789 1262 837 iuvenibusqne,
1289 788 1334 823 ad
1356 786 1526 824 militiam
1551 788 1635 824 ido-

117 840 219 881 neis;
256 839 470 877 blandiente
501 839 652 887 quidem
688 843 768 886 Stp.
808 839 1070 880 emendatione
1105 840 1225 885 primo
1265 839 1307 873 ab
1340 837 1406 873 usu
1437 836 1635 886 loquendi,

115 893 218 933 (cum
239 900 369 926 contra
385 890 599 936 exemplum
620 887 789 936 vulgatae
808 888 978 927 leaionis
998 901 1036 925 et
1055 901 1087 923 v.
1107 889 1281 928 mmmm
1303 899 1386 924 cum
1417 885 1470 922 rei
1496 898 1570 922 acc·
1591 897 1634 923 et

116 950 202 985 gen.
223 938 313 974 mihi
338 950 419 974 non
443 937 488 974 fit
514 938 715 983 oblaturm)
735 939 871 976 deinde
888 937 974 986 quia
994 938 1043 974 est
1061 937 1235 973 facillima
1256 946 1295 972 et
1314 935 1509 976 lenillima.
1542 934 1633 971 nixa

115 988 178 1023 illa
197 1001 322 1024 errore
349 987 462 1023 solito
482 987 521 1023 in
541 1003 556 1029 ς
583 999 623 1024 et
639 1003 677 1030 v,
705 988 805 1034 quod
825 1000 906 1023 non
926 986 1024 1023 cadit
1041 986 1081 1022 in
1102 986 1202 1022 illam
1215 986 1295 1028 Rs.,
1323 996 1417 1032 quae
1439 983 1479 1021 δι’
1502 983 1636 1022 inserit

117 1037 206 1073 duas
227 1037 390 1077 litteras;
418 1048 506 1084 quas
530 1035 554 1072 fi
575 1037 633 1072 vel
653 1036 813 1074 maxime
832 1036 1029 1072 statuamus
1051 1034 1224 1070 excidifie
1244 1035 1291 1069 ob
1319 1046 1374 1080 pr.
1404 1050 1454 1070 πα
1481 1032 1632 1069 finitio-

115 1099 224 1122 nem:
262 1097 386 1121 tamen
406 1085 570 1121 formula
588 1086 665 1121 eius
682 1096 762 1121 tora
793 1097 872 1120 non
900 1084 988 1120 mihi
1010 1085 1058 1119 est
1077 1083 1250 1131 cognita,
1289 1093 1501 1130 quanquam
1528 1082 1630 1119 forte

114 1135 292 1181 exprimit
310 1134 411 1170 illam
432 1134 509 1180 ipse
527 1135 588 1169 Sb.
606 1133 647 1169 in
666 1134 744 1169 Lat.
764 1133 848 1175 sua,
878 1133 916 1169 in
940 1137 1111 1180 praedam
1130 1142 1287 1173 vertere,
1312 1143 1420 1179 quae.
1446 1131 1585 1168 nullibi
1608 1144 1630 1167 a

115 1185 162 1220 G.
181 1184 253 1219 Th.
272 1193 494 1224 memorata,
528 1182 625 1219 nihil
655 1182 720 1227 fit,
756 1194 867 1230 quam
889 1182 988 1230 priva
1011 1194 1045 1217 v.
1067 1195 1100 1217 v.
1126 1181 1315 1229 praedari,
1349 1193 1499 1227 rapere,
1539 1179 1632 1216 diri-

113 1245 222 1280 pere;
256 1243 298 1268 ut
325 1233 383 1267 vel
415 1230 461 1266 fic
491 1231 619 1267 existat
645 1232 768 1268 sensus
787 1231 889 1268 idem
910 1244 975 1279 per
994 1232 1119 1268 duram
1145 1230 1442 1272 correctionem,
1477 1230 1541 1278 qui
1563 1241 1629 1276 per

111 1281 308 1317 leniorem.
352 1280 465 1321 Fuit,
492 1292 577 1316 cum
598 1283 784 1327 putabam,
818 1281 856 1317 in
875 1293 960 1329 gen.
983 1282 1083 1329 vulg.
1105 1280 1266 1327 suppleri
1292 1279 1390 1327 poss‘e
1404 1279 1507 1316 subst.
1527 1288 1629 1324 μέρος

110 1340 144 1368 τὶ
165 1330 189 1366 s.
207 1337 326 1377 μέρος,
362 1340 401 1365 ut
419 1328 482 1369 fit,
505 1331 643 1378 reliqua
665 1330 846 1368 facientes
860 1333 1019 1379 praedae
1041 1340 1182 1377 partem
1200 1329 1379 1378 aliquam,
1406 1334 1628 1376 comparens

110 1391 203 1415 tunc
223 1391 302 1414 non
325 1379 438 1415 m'o'do
461 1379 541 1415 Lat.
557 1379 692 1425 facere
709 1393 793 1417 cum
821 1391 927 1428 gen,
961 1393 995 1418 ν.
1015 1392 1046 1415 e.
1060 1381 1193 1427 facere
1216 1378 1309 1416 lucri
1334 1391 1430 1420 rem,
1462 1379 1503 1415 ir.
1523 1377 1629 1425 aequi

110 1427 201 1465 boni
218 1441 283 1476 que
304 1427 468 1475 aliquid,
503 1427 552 1464 cf.
573 1430 622 1465 G.
647 1430 746 1472 Th„
778 1429 843 1466 sed
870 1441 910 1466 et
939 1430 1004 1466 Gr.
1024 1442 1056 1464 ν.
1078 1429 1189 1466 ιιῖυῐη
1204 1440 1289 1464 cum
1309 1440 1383 1464 acc.
1404 1427 1455 1463 rei
1484 1437 1523 1463 ec
1541 1439 1627 1475 gen.

109 1476 201 1526 pers.
220 1490 278 1525 ap.
305 1478 402 1514 Xen.
423 1477 502 1513 lnd.
527 1479 630 1514 Bach.
653 1479 694 1515 Z.
718 1493 754 1515 v.
775 1492 807 1515 e.
832 1480 1029 1521 „nmio-9021
1051 1479 1175 1517 ἑαυτοῦ
1196 1495 1255 1518 τι,
1291 1476 1355 1513 fibi
1376 1477 1519 1525 aliquid
1540 1488 1626 1513 tan-

109 1539 220 1571 quam
242 1526 346 1564 suum
366 1526 584 1563 vindicarc“
609 1540 704 1574 quae
723 1528 796 1565 sola
818 1528 987 1577 analogia
1009 1528 1124 1570 fecit,
1159 1538 1202 1563 ut
1220 1526 1393 1563 nondum
1425 1525 1627 1564 scriberem

107 1576 515 1623 &inemendationem
529 1603 540 1615 ,
579 1590 664 1614 cum
684 1589 721 1615 et
740 1577 860 1614 Codd.
880 1577 977 1614 nihil
997 1578 1240 1625 praeberent.
1276 1588 1411 1613 tenens
1434 1586 1625 1623 praeterea

106 1626 198 1662 haec
217 1627 260 1662 ad
279 1626 568 1673 comparandum
581 1652 592 1667 ‚
621 1628 709 1664 Sall.
722 1629 798 1675 lug.
816 1639 872 1672 14,
895 1639 949 1663 11.
966 1640 1012 1662 rn.
1026 1639 1179 1675 regnum
1200 1627 1275 1661 eius
1293 1624 1502 1673 scelerissui
1519 1636 1629 1673 praee

107 1673 189 1710 dam
200 1673 319 1719 fecit,
357 1674 438 1721 (ubi
461 1677 566 1711 cort.
590 1677 636 1712 N.
657 1687 733 1715 non
755 1675 906 1722 respicit
925 1676 969 1712 ad
991 1677 1055 1713 Gr.
1076 1676 1307 1722 formulam)
1339 1686 1377 1711 ct
1397 1675 1519 1710 Thuc.
1542 1685 1627 1717 271,

109 1732 168 1770 33·
193 1724 246 1767 κα.)
265 1721 326 1766 τιῖν
343 1740 382 1760 τε
401 1722 496 1761 mim
520 1732 758 1766 κκτέκικυοτειν,
786 1725 841 1768 καὶ
860 1730 906 1762 τῖε
925 1723 1040 1762 ἐνόντα
1064 1722 1320 1771 ἐξεπόρθησαν,
1356 1735 1396 1761 et
1412 1724 1536 1760 urbem
1564 1723 1626 1760 in-

107 1771 320 1808 cenderunt
336 1796 347 1813 ,
373 1782 408 1807 et
430 1784 487 1807 res
501 1797 511 1810 ..
549 1786 637 1819 quae
656 1774 694 1809 in
716 1787 757 1809 ea
775 1784 900 1813 erant,
932 1776 1175 1820 diripuerunt.

157 1818 323 1862 ἐδηλώθη)
349 1821 510 1857 Deserto
537 1823 598 1862 l’.‚
630 1822 670 1859 in
691 1822 763 1858 hoc
784 1835 816 1857 v.
836 1824 919 1858 Sch.
948 1824 1062 1859 habet>
1080 1826 1142 1871 ὃς.
1168 1822 1249 1870 post
1272 1821 1521 1865 „nunciatum
1552 1819 1627 1857 est“
1664 1860 1679 1865 ,

107 1869 153 1906 ad
169 1869 314 1906 sensum
329 1894 339 1911 ‚
373 1882 451 1905 non
473 1870 506 1906 id
533 1871 611 1909 Lat.
632 1882 788 1907 tenente
807 1873 884 1918 Stp.
899 1873 997 1913 Th..
1039 1884 1107 1907 nec
1139 1876 1351 1919 exemplum
1375 1884 1492 1907 unum
1520 1869 1626 1911 verbi

105 1921 148 1956 in
170 1918 277 1966 pals„
310 1918 358 1954 cs.
381 1919 420 1954 L.
440 1919 490 1955 N.
515 1920 562 1954 T.
581 1945 590 1961 ,
619 1919 681 1957 ubi
702 1919 804 1957 limul
829 1933 911 1957 cum
935 1933 986 1966 pr.
1006 1928 1102 1964 περὶ,
1137 1933 1178 1957 ut
1197 1934 1255 1969 ep.
1275 1920 1315 1957 ls.
1334 1921 1375 1957 in
1392 1921 1455 1956 Ev.
1475 1930 1514 1956 ct
1534 1919 1622 1955 Pan.

104 1969 209 2006 Mor.
233 1979 393 2014 p.45.m.
423 1974 479 2007 76.
501 1981 571 2010 m..
607 1968 654 2004 cf.
675 1968 789 2006 Fisch.
812 1974 878 2006 Ae.
898 1971 1024 2006 Thuc.
1043 1971 1153 2005 Dcm.
1173 1973 1268 2006 Xen.
1292 1972 1379 2019 (Jyr.
1398 1970 1440 2006 Z.
1472 1980 1509 2005 et
1536 1980 1626 2006 cum

106 2017 181 2054 dat.
203 2016 292 2063 pers.
316 2018 426 2053 etiam
450 2018 486 2052 in
507 2018 570 2054 a&
593 2019 708 2054 Fisch.
732 2019 827 2059 Pal„
851 2019 994 2055 versato
1013 2021 1074 2065 Eg.
1089 2018 1129 2056 in
1147 2019 1308 2056 formula
1330 2033 1350 2055 e
1371 2032 1423 2065 pr.
1447 2023 1537 2064 μετὰ
1556 2018 1626 2054 ali-

105 2078 163 2104 ter
180 2066 262 2108 hic,
296 2077 405 2121 quarn
423 2067 534 2108 alibi,
568 2069 657 2105 dnm
679 2069 857 2110 mutavit,
895 2068 972 2104 fere
996 2082 1016 2105 e
1035 2069 1098 2110 1'.,
1133 2081 1259 2116 praep.
1281 2068 1321 2105 in
1341 2069 1435 2109 adh,
1469 2067 1532 2105 sed
1553 2080 1623 2115 op-

105 2115 230 2164 pressit
254 2115 325 2151 adi.
344 2132 404 2159 n„
430 2114 497 2152 nisi
518 2116 554 2152 id
574 2129 723 2164 quae-ras
746 2117 784 2153 in
807 2116 886 2163 ipso
916 2117 982 2153 illo
1004 2119 1083 2154 Lat.
1106 2119 1256 2168 plenus.
1293 2117 1396 2165 quod
1424 2129 1508 2153 cum
1536 2127 1624 2165 gen.

105 2175 170 2202 aut
198 2165 266 2201 abl.
285 2176 363 2202 non
383 2166 568 2212 explicant
600 2167 702 2203 lndd.
730 2166 914 2208 consulti,
953 2165 1014 2204 sed
1042 2167 1085 2203 ad
1111 2166 1204 2203 Plin.
1233 2180 1294 2214 cp.
1317 2181 1349 2209 2,
1373 2179 1405 2208 ι,
1427 2179 1461 2212 7.
1485 2167 1622 2213 plenus

102 2214 210 2251 annie
228 2215 355 2251 Catan.
388 2215 525 2255 „senex
545 2215 773 2251 admodumw
809 2227 847 2253 ct
866 2216 911 2252 G.
932 2217 1007 2252 Th.
1036 2217 1147 2253 semel
1169 2227 1314 2254 tantum
1338 2220 1422 2261 916,
1443 2227 1502 2260 70.
1525 2227 1624 2257 „ne-

104 2262 199 2311 gotii
219 2264 359 2307 plenus,
395 2263 419 2300 i.
439 2263 543 2300 valde
574 2271 805 2308 occupatus“
838 2267 941 2303 unde
966 2267 1089 2313 plenus
1117 2267 1197 2302 irae
1225 2265 1246 2302 i.
1261 2279 1300 2314 q.
1331 2266 1440 2303 valde
1459 2266 1572 2302 iratus
1594 2263 1623 2301 s.

103 2313 243 2351 summe
275 2312 407 2353 iratus;
440 2325 534 2361 quae
563 2313 781 2360 periphralis
806 2313 1023 2362 superlativi
1052 2316 1226 2351 continet
1253 2315 1454 2352 notionem
1474 2314 1545 2352 adi.
1565 2329 1621 2355 w..

104 2375 173 2410 pro
194 2362 358 2398 summus
378 2363 533 2407 accepti,
561 2362 686 2407 estque
709 2364 730 2398 i.
744 2376 780 2411 q.
800 2377 874 2398 cum
896 2364 1032 2400 summa
1053 2366 1133 2406 ira;
1160 2364 1481 2412 ferenteStp.Th.
1501 2361 1622 2401 modo

102 2425 136 2453 2,
161 2423 263 2454 ¹425·
286 2411 310 2447 i.
337 2412 436 2456 ,μετ’
455 2412 618 2457 ὀργῆςι-
641 2414 734 2463 l'lqt.
757 2433 783 2439 —
804 2412 936 2450 Latine
949 2414 1138 2451 diceretur
1159 2415 1360 2463 potiusper
1377 2414 1485 2456 iram.
1504 2425 1620 2461 quam

102 2474 180 2497 cum
199 2461 282 2494 ira“
317 2461 417 2508 quod
441 2461 559 2507 iplurn
590 2471 714 2498 tamen
746 2475 779 2498 v.
803 2476 859 2509 ap.
883 2465 930 2500 G.
952 2464 1025 2500 Th.
1049 2464 1086 2499 in
1109 2462 1212 2501 subst.
1240 2475 1345 2509 1224·
1368 2475 1450 2507 91..
1487 2461 1552 2500 ubi
1580 2473 1621 2500 et

102 2511 168 2557 Bg.
192 2507 359 2550 „vitium
374 2509 484 2545 facile
511 2510 727 2546 irascentis-‘⁴
752 2513 812 2548 fid
841 2524 879 2548 ct
899 2511 1015 2560 timpl.
1038 2526 1105 2559 pro
1129 2513 1201 2554 ira.
1239 2524 1279 2549 ur
1295 2513 1332 2548 h.
1356 2513 1403 2555 l.;
1438 2509 1480 2549 in
1500 2513 1620 2548 altero

101 2559 209 2595 [ubst.
232 2560 297 2611 (in.
321 2571 407 2594 cum
427 2559 494 2595 Gr.
514 2562 568 2606 n.)
587 2571 756 2597 mutante
777 2564 838 2609 h'g.
862 2575 884 2599 e
903 2564 938 2598 l’.
961 2575 1160 2599 numerum
1189 2561 1419 2603 necessario..
1451 2561 1519 2598 nifi
1540 2573 1621 2597 ver-

101 2619 157 2645 tas
179 2620 243 2654 per
264 2610 344 2655 lyn.
366 2608 412 2644 ib.
450 2609 645 2650 „minutim
687 2615 830 2652 ἀπειλὴ,
862 2610 921 2647 Gl.
942 2612 1035 2648 Gr.“
1070 2611 1129 2648 sed
1154 2611 1190 2647 in
1209 2624 1244 2648 v.
1269 2617 1322 2650 ἐπ.
1344 2611 1422 2657 (ubi
1442 2612 1524 2658 Stp.
1542 2610 1618 2647 Th.

100 2661 233 2700 tacet.)
254 2657 436 2693 reddente
455 2658 538 2692 Sch.
566 2657 718 2707 ..siv-ibit
741 2672 805 2705 per
824 2659 1004 2709 epistolas,
1031 2661 1084 2707 (at
1105 2664 1165 2710 ng.
1185 2674 1205 2697 e
1228 2661 1267 2698 Ρ.
1286 2661 1414 2703 aliter,
1449 2673 1561 2708 quam
1588 2671 1620 2702 ι,

102 2717 139 2749 9,
164 2718 220 2742 ει.
241 2709 290 2752 e.)
311 2704 456 2748 ἕθνος-
477 2719 562 2743 cum
582 2721 616 2743 v.
636 2707 793 2752 ἡγεῖσθαι
817 2710 957 2758 saepius
976 2711 1179 2757 exponitur
1198 2723 1216 2746 a
1235 2711 1272 2746 P.
1290 2712 1498 2759 provincia.
1528 2708 1621 2753 (fine

100 2754 212 2796 loco.
247 2758 368 2804 qualis
388 2755 561 2795 notionis
591 2767 631 2795 ct
651 2757 711 2795 hic
730 2758 807 2804 est,)
829 2759 886 2805 ἦγ-
905 2761 973 2799 ἐθν.
1003 2759 1258 2807 praefidibus‘⁸
1277 2761 1341 2810 ΒΕ.
1369 2758 1559 2798 retinente
1579 2759 1620 2795 Ρ.
