1829 3173
686 134 1135 182 PRAEFATIO.
1355 124 1362 128 ’
1621 147 1681 179 xx

158 250 328 318 saepius
359 245 516 298 frustra
539 258 703 294 tamen.
781 247 938 303 Unde,
972 263 1087 311 quae
1114 241 1285 292 Nostro
1307 245 1563 309 peculiaria,
1606 251 1685 291 aut

158 320 298 369 modo
319 323 377 366 ad
393 320 626 382 analogiam
651 317 806 380 scripta
819 353 830 372 ,
864 314 949 362 dixi
971 331 1052 379 per
1072 318 1244 371 Nota8‚
1275 310 1307 359 fi
1327 314 1426 378 quis
1443 312 1587 360 forsan
1605 313 1683 359 ali-

157 388 492 436 bi'meminerit
512 396 644 447 atque
666 385 880 439 inveniat,
922 385 1096 429 veniam
1121 384 1156 428 is
1177 381 1281 428 dare
1299 381 1423 428 volet
1446 397 1541 429 non
1561 383 1686 428 incu-

159 460 248 505 riae
268 453 460 509 nostrae,
493 453 564 499 sed
584 452 787 499 Indicum
807 453 1082 516 paupertati,
1120 452 1305 511 gratiam
1325 449 1446 497 idem
1465 467 1486 495 a
1509 467 1583 496 me
1602 449 1684 494 ini·

158 536 308 577 turus,
341 522 371 568 fi
393 540 417 567 e
439 521 521 567 suis
544 521 683 584 copiis
699 523 931 585 penuriam
954 520 1129 584 expleat
1145 535 1304 575 meam,
1340 527 1399 575 et,
1428 516 1553 581 quod
1574 516 1685 563 mihi

160 609 255 639 non
287 592 432 646 licuit,
474 589 517 636 se
555 588 715 636 doceat
754 586 984 644 invenisse,
1028 589 1074 634 in
1105 588 1261 651 primis
1290 603 1341 632 ex
1374 584 1688 650 Aristophane.

161 663 275 708 Cum
298 661 417 705 enim
440 656 493 703 ab
513 658 639 703 initio
659 656 759 703 usus
783 655 914 703 essem
938 674 963 702 e
984 654 1258 703 bibliotheca
1277 657 1507 711 Koaneri,
1529 654 1688 700 Theo-

163 729 256 788 logi
278 725 502 791 quondam
523 737 568 771 et
578 726 747 790 Ephori
764 724 938 790 Lipsiae
962 723 1409 787 Celeberrimimtque
1426 719 1690 779 Doffiffimi,

114 846 117 847 ⁷
164 796 362 843 editione
385 792 575 840 Kusteri:
613 792 773 838 deinde
794 795 989 857 repetito
1009 792 1137 848 libro,
1170 807 1264 838 non
1282 793 1426 856 potui,
1455 791 1534 838 ubi
1553 807 1688 856 cupe-

161 881 282 922 rem,
321 861 518 909 Indicem
539 862 661 908 hunc
680 862 868 925 amplius
890 860 1135 907 consulere.

295 929 381 978 Sed
403 928 539 976 redeo
561 928 612 974 ad
636 928 839 975 laborem
866 944 1146 992 operamque
1163 925 1437 987 indagandae
1459 928 1688 974 Graecita-

163 1002 220 1046 tis
239 996 546 1052 Herodianae,
582 1013 695 1057 quae
722 998 878 1060 utique
906 994 1141 1042 videbatur
1168 993 1411 1041 necessaria.
1490 997 1614 1042 Nam
1641 998 1689 1042 in

165 1064 473 1114 Demosthene
499 1063 702 1127 quidem..
735 1063 1040 1129 Xenophonte
1069 1063 1247 1127 alioque
1274 1064 1436 1110 veteris
1466 1065 1690 1127 temporis

166 1131 346 1179 austere
368 1132 568 1184 Graeco,
614 1131 861 1178 editoribus
890 1149 991 1178 raro
1019 1130 1175 1178 incidit
1206 1130 1431 1178 neceflitas
1462 1129 1691 1178 dubitandi

164 1199 510 1264 inquirendique
531 1198 585 1244 de
609 1198 809 1246 bonitate
830 1201 1062 1255 orationis,
1096 1199 1169 1246 sed
1188 1201 1277 1246 iam
1300 1199 1520 1246 credimus
1544 1215 1594 1246 ac
1612 1199 1692 1246 sci-

164 1268 291 1323 mus,
324 1267 458 1314 verba
480 1278 526 1312 et
543 1269 721 1331 phrases
746 1266 910 1316 habere
931 1266 1074 1325 reEie3
1111 1267 1234 1332 quod
1256 1269 1380 1315 secus
1404 1266 1464 1314 est
1484 1270 1528 1313 in
1539 1272 1690 1315 Hero·

166 1337 320 1390 diano,
355 1351 490 1401 quem
514 1337 558 1381 in
582 1335 778 1399 partibus
807 1337 1077 1383 imitatorem
1102 1340 1383 1400 optimorum
1407 1338 1692 1385 Graecorum

166 1416 452 1465 agnoverunt
472 1405 565 1450 Viri
587 1401 742 1459 Doffi,
780 1404 852 1450 sed
874 1422 1010 1451 nemo
1039 1404 1185 1451 adhuc
1205 1405 1349 1452 voluit
1378 1404 1520 1451 subire
1549 1406 1691 1453 mole-

166 1471 289 1519 stiam
324 1474 460 1525 hanc,
504 1483 555 1517 ut
582 1474 626 1518 in
655 1471 836 1534 singulis
868 1474 978 1520 locis
1006 1484 1052 1519 et
1082 1490 1226 1538 prope
1251 1472 1396 1520 verbis
1427 1476 1693 1538 inquireret,

169 1542 278 1604 quid
301 1540 495 1597 probum
517 1538 624 1586 esset
645 1539 948 1598 vetustumve,
986 1541 1181 1606 quidque
1202 1543 1374 1598 minus,
1407 1554 1452 1588 et
1470 1541 1590 1588 unde
1609 1540 1691 1589 fin-

168 1609 272 1669 guia
294 1608 511 1663 fluerent,
546 1625 627 1654 ceu
649 1609 778 1656 fonte
804 1609 1020 1673 quodam,
1052 1622 1098 1656 et
1115 1613 1159 1656 in
1182 1627 1274 1674 quo
1298 1610 1434 1656 veluti
1454 1610 1595 1657 fundo
1617 1628 1691 1657 na·

168 1687 237 1730 ta3
271 1695 360 1741 quo
384 1679 430 1722 in
452 1692 618 1737 genere
642 1689 686 1724 et
705 1678 858 1725 videor
878 1676 1027 1724 vidisse
1048 1678 1262 1742 quaedam
1285 1695 1334 1724 ac
1358 1678 1591 1743 reperisse,
1635 1677 1692 1724 ab

170 1745 263 1790 aliis
289 1744 489 1792 nondum
509 1745 804 1793 animadversa
822 1757 953 1812 atque
976 1746 1274 1810 deprehensa;
1310 1764 1424 1811 quae
1445 1758 1490 1793 et
1507 1747 1595 1811 ipsa
1613 1763 1695 1793 no·

169 1813 336 1858 tabunt
356 1824 401 1857 et
423 1813 716 1860 observabunt
737 1832 902 1880 operae
915 1832 1039 1861 meae
1052 1814 1350 1880 editionisque
1371 1815 1539 1863 iudices
1559 1825 1691 1880 atque

171 1879 554 1925 animadversores.

309 1951 457 2002 Quam
479 1945 769 2007 investigandi
796 1950 1010 1996 miseriam
1033 1950 1142 1996 mihi
1163 1953 1406 2016 imponens
1429 1951 1545 2015 ipse,
1589 1967 1693 1998 cum

171 2029 266 2059 non
290 2030 422 2078 parva
443 2017 662 2078 temporis
683 2012 866 2072 istium,
910 2016 986 2064 ubi
1007 2017 1125 2063 inter
1145 2019 1450 2082 quaerendum
1471 2021 1617 2083 reperi
1637 2019 1692 2065 de

171 2080 340 2137 verbis,
387 2081 535 2144 quoad
555 2083 623 2128 vcl
646 2087 858 2131 notiones
879 2087 948 2131 vel
973 2082 1217 2140 reRioneS,
1257 2104 1370 2151 quae
1399 2087 1601 2135 nondum
1633 2087 1695 2135 es·
1738 2141 1742 2144 ,

171 2148 270 2195 sent
286 2151 331 2194 in
353 2150 564 2214 Stephani
588 2153 820 2198 Thesauro
846 2163 922 2199 aut
943 2154 1034 2199 aliis
1056 2156 1100 2199 in
1125 2154 1260 2210 libris,
1296 2172 1346 2201 ea
1367 2171 1459 2202 non
1482 2156 1592 2202 mihi
1615 2157 1694 2203 soli

173 2217 340 2263 servare
358 2219 477 2264 volui
492 2254 501 2272 ‚
545 2218 616 2265 sed
637 2218 765 2266 simul
785 2223 830 2267 in
851 2224 988 2267 Notis
1009 2222 1152 2275 attuli,
1192 2234 1313 2282 grata
1337 2223 1434 2269 fore
1463 2223 1693 2272 arbitratus

173 2284 286 2339 aliis,
339 2286 411 2332 vel
449 2287 503 2333 ad
543 2289 914 2352 locupletandum
952 2291 1165 2352 Stephani
1191 2291 1472 2338 Thesaurum
1487 2328 1497 2347 ‚
1547 2294 1619 2339 vel
1648 2295 1695 2340 in

174 2351 278 2399 usus
306 2353 516 2410 aliorum,
569 2373 739 2403 novum
776 2356 927 2423 postea
956 2360 1117 2406 Graeci
1144 2358 1358 2407 sermonis
1389 2363 1587 2408 Lexicon
1620 2377 1697 2426 pa·

174 2431 378 2468 rantmm.

312 2491 580 2554 Quanquam
609 2508 691 2555 per
721 2491 906 2539 eandem
937 2493 1174 2557 quaerendi
1194 2512 1377 2561 operam
1406 2498 1537 2544 etiam
1569 2497 1697 2545 licuit

175 2555 400 2603 interdum
423 2558 771 2623 deprehendere,
803 2561 980 2607 Indices
1003 2579 1095 2609 non
1116 2575 1272 2610 tenere
1284 2566 1555 2620 omnialoca‚
1583 2583 1697 2631 quae

176 2640 203 2670 a
221 2624 349 2672 nobis
375 2624 522 2673 aliisve
543 2629 838 2675 animadversa
868 2628 1008 2677 essent
1035 2642 1168 2696 atque
1200 2632 1398 2689 laudata;
1444 2635 1565 2681 unde
1595 2647 1697 2681 tum

177 2694 430 2756 catalogum
451 2693 654 2745 dedimus
681 2709 728 2745 et
747 2699 988 2747 elenchum
1011 2716 1200 2760 vocum,
1235 2703 1405 2750 Lexicis
1424 2703 1696 2765 ignotarum,
