1772 3158
197 98 301 155 658
339 95 566 142 LIBERI.
609 95 734 142 CAP.
757 94 852 140 XV.
884 95 936 141 A.
959 94 1016 140 V.
1041 95 1092 142 C.
1121 105 1241 152 945.
1279 96 1418 142 CHR.
1438 96 1502 141 N.
1527 109 1641 154 192.

198 208 251 263 δὲ
273 209 479 280 &piatio-aero
498 219 528 270 f,
568 207 773 273 φθάσας
786 210 839 277 τῇ
853 210 928 257 τοῦ
966 214 1143 277 quidem
1157 214 1326 270 occidit,
1357 215 1481 260 illum
1495 216 1705 262 autemli·

197 282 386 355 ὃόξειτος
411 287 556 353 αἰχμῇ
576 281 646 340 τὴν
669 287 750 332 τῶν
761 278 937 332 ὀδόντων
973 289 1150 346 beravit,
1173 292 1455 354 praeveniens
1474 289 1613 336 hastae
1633 309 1704 336 cu·

200 358 357 426 αἶκμῆν.
443 358 618 413 λεόντων
652 354 701 407 δέ
733 379 842 407 ποτε
882 357 936 425 ἐξ
981 379 997 408 1
1015 378 1059 418 3.
1073 364 1189 429 spide
1202 365 1397 410 dentium
1409 368 1557 411 aciem.
1595 370 1706 412 Leo-

199 436 426 501 ὑπογαίων
471 433 624 483 ἑκατὸν
654 433 938 503 α’ναῤῥιφθέν-
973 457 1050 485 nes
1065 444 1196 486 etiam
1217 440 1449 502 aliquando
1467 457 1518 486 ex
1540 440 1706 487 subter-

203 532 298 574 των,
325 509 577 578 ἱσ-οιξίθμοις
596 510 804 563 ἀκοντίοις
827 507 939 558 ποίν-
973 519 1116 562 raneis
1149 529 1323 562 centum
1356 512 1577 563 submissos
1607 517 1707 562 toti·

294 637 323 673 r)
351 634 416 666 MS.
434 632 489 664 Ba.
506 634 557 664 τὶν
574 631 599 663 δ’
618 633 776 671 hibbam-o,
799 636 852 670 ΦΒ.
865 651 878 669 ‚
903 630 957 663 sed
975 632 1075 664 colon
1097 633 1131 664 in
1149 633 1218 675 Stp.
1237 636 1270 664 et
1287 632 1331 664 ai.

207 746 258 784 rit
275 758 358 781 cum
381 744 472 784 fut.,
507 742 556 778 cf.
578 755 610 785 1,
635 755 693 783 11,
716 755 770 780 12.
785 766 796 785 ,
821 743 880 779 vel
902 741 1011 784 inde,
1035 742 1139 790 quod
1158 755 1242 779 cum
1263 741 1342 778 aliis
1359 742 1538 782 dubitarit
1555 743 1602 780 de
1619 753 1652 780 v.
1669 755 1706 788 μ.

208 808 293 832 cum
312 807 405 833 aot..
434 793 535 840 quod
555 804 715 838 tempus,
741 804 855 839 aeque
874 805 916 827 ac
935 793 1044 838 praes.
1058 816 1069 833 ,
1098 793 1342 839 praeterfut.,
1366 794 1482 830 hodie
1492 793 1708 830 confestum

208 845 280 885 est,
307 856 340 878 v.
362 842 451 878 Obs.
470 843 525 877 M.
545 846 589 877 A.
614 843 659 877 V.
674 851 705 887 3.
726 853 758 887 p.
773 845 854 884 426.
873 853 1004 877 contra
1027 843 1129 888 Stp.,
1162 840 1222 876 hic
1241 840 1392 888 quidem
1421 853 1626 882 tacentem,
1663 841 1707 878 it.

208 895 309 933 Nov.
327 894 372 928 T.
395 902 424 938 3.
449 901 549 936 μς..
577 890 622 926 ad
643 891 725 926 Ael.
749 891 792 926 V.
813 890 847 924 h.
868 900 902 936 3,
915 902 972 934 27.
994 902 1120 936 p.279.
1144 891 1192 927 N.
1208 901 1240 936 3.
1261 891 1403 926 D'Orv.
1424 892 1493 927 Cb.
1523 903 1558 937 p.
1582 901 1634 936 38.
1659 904 1708 926 m.

207 945 297 980 Abr.
318 941 393 977 Dil.
411 940 485 976 Th.
507 951 541 986 p.
558 949 639 984 558.
655 952 701 974 m.
732 939 776 974 ad
804 940 942 974 Thom.
961 940 1017 975 M.
1037 952 1072 984 p.
1087 944 1169 983 607.
1189 940 1238 974 N.
1252 952 1284 983 4.
1309 938 1420 976 Fisch.
1450 939 1494 975 ad
1518 940 1608 975 Plat.
1641 942 1710 985 Ap.

209 995 313 1029 Socr.
338 1003 371 1037 p.
385 999 441 1034 73.
459 989 599 1034 N.32.,
634 998 678 1024 ut
698 1000 780 1023 cum
800 988 910 1034 praes.
925 988 970 1022 ad
992 988 1078 1023 Can.
1106 989 1145 1024 in
1166 991 1237 1035 Ap.
1256 999 1290 1023 v.
1310 1000 1382 1033 ¹4··
1416 1001 1493 1024 non
1516 989 1610 1024 bene
1629 988 1712 1024 sub·

210 1041 341 1078 stituto
359 1038 430 1074 fut.
453 1049 520 1084 pro
542 1049 617 1073 aor.
641 1049 696 1083 ap.
718 1035 799 1084 Lys.
819 1037 857 1072 R.
877 1039 941 1073 Or.
960 1037 1006 1071 V.
1022 1049 1052 1081 ς.
1073 1047 1199 1084 p.234.
1215 1037 1238 1072 i.
1252 1060 1263 1077 ,
1286 1036 1462 1073 suadente
1474 1037 1596 1084 Tayl.;
1620 1037 1712 1073 ficut

211 1103 247 1125 v.
267 1105 303 1133 μ.
323 1100 405 1122 cum
424 1086 488 1121 inf.
509 1100 586 1122 aor.
609 1085 681 1120 fine
699 1081 738 1123 ἓν
755 1091 846 1132 (quo
865 1085 912 1121 de
930 1084 1009 1132 ipso
1031 1086 1141 1122 etiam
1163 1085 1410 1130 dubitabatur)
1431 1085 1489 1121 vel
1517 1085 1578 1121 hic
1604 1086 1710 1122 locus

212 1135 353 1178 vincit;
391 1135 553 1171 ducente
574 1137 636 1183 Bg.
661 1137 739 1171 Lat.
758 1134 840 1169 adv.
868 1148 888 1170 e
909 1136 969 1177 P„
996 1135 1058 1181 (de
1077 1147 1150 1182 quo
1170 1134 1264 1171 nihil
1279 1147 1336 1181 ap.
1359 1136 1440 1182 Stp.
1455 1135 1546 1179 Th.)
1571 1145 1612 1170 ut
1633 1147 1711 1182 par-

170 1212 175 1215 »
212 1187 283 1224 tim
302 1185 386 1221 Sch.
402 1185 441 1219 in
468 1187 523 1223 »3.
545 1185 736 1225 mordere,
761 1184 923 1225 laniare,
947 1195 989 1220 ut
1009 1185 1205 1229 pantherae
1227 1183 1377 1219 solent«
1403 1185 1606 1229 ap.G.Th.
1627 1195 1714 1219 cum

212 1237 280 1273 Gr.
301 1247 340 1277 n.
366 1233 572 1274 „dentibus
590 1232 732 1268 laedere
751 1243 788 1267 et
808 1232 1021 1279 corripereu
1047 1232 1096 1269 cf.
1118 1237 1196 1279 Stp.
1215 1232 1289 1267 Th.
1310 1233 1477 1274 aliunde,
1515 1232 1596 1268 lud.
1618 1233 1710 1268 Luc.

213 1295 255 1321 et
272 1285 356 1320 Aen.
378 1284 424 1317 V.
449 1282 506 1323 h.‚
537 1281 598 1317 sed
621 1281 764 1327 tropice
781 1283 872 1318 Xen.
896 1283 982 1328 Cyr.
1012 1294 1096 1317 cum
1115 1282 1154 1317 L.
1178 1283 1222 1317 N.
1249 1283 1314 1323 T.,
1347 1292 1387 1317 et
1407 1281 1512 1318 sensu
1532 1293 1601 1319 utr.
1619 1282 1713 1318 Xen.

211 1335 324 1371 Bach.
373 1332 484 1372 Mox,
514 1340 558 1365 ut
581 1331 653 1367 Ms.
672 1329 935 1376 apostrophum
954 1328 994 1365 in
1015 1330 1044 1366 δ’
1061 1331 1145 1367 alibi
1161 1329 1343 1371 vidimus,
1372 1329 1611 1378 itaBg.fimul
1628 1342 1715 1366 cum

215 1388 277 1424 τὴν
297 1393 336 1417 et
355 1379 411 1416 τᾶν
430 1379 623 1426 exprimit,
647 1377 750 1414 secus
767 1390 878 1425 atque
899 1378 1007 1420 aiibi,
1035 1380 1144 1415 relata
1165 1386 1223 1422 μὲν
1247 1390 1286 1414 et
1303 1383 1360 1420 δὲ,
1388 1379 1557 1415 deserens
1570 1380 1656 1415 P.in
1679 1391 1713 1412 v.

213 1444 273 1472 v.‚
315 1441 475 1478 quorum
504 1439 620 1464 unum
645 1429 723 1473 Stp.
746 1428 818 1462 Th.
843 1427 938 1463 reste
967 1428 1067 1474 capit
1093 1433 1182 1467 „bana
1212 1440 1276 1475 pro
1299 1427 1412 1474 iimpl.
1440 1433 1582 1465 κτείνωίί
1611 1427 1738 1475 (μιοᾰΙ

213 1479 321 1516 fimul
343 1490 426 1513 cum
446 1477 570 1512 nostro
590 1476 756 1522 compos.
776 1476 826 1511 est
843 1475 880 1511 in
903 1478 964 1524 Eg.
985 1489 1042 1522 ap.
1063 1477 1107 1512 G.
1125 1478 1199 1511 Th.
1213 1500 1224 1517 ‚
1260 1486 1302 1511 ut
1330 1489 1385 1522 ap.
1409 1477 1508 1512 Suid.
1534 1489 1566 1519 1,
1588 1488 1668 1520 278.
1691 1476 1716 1512 i.

213 1533 300 1569 aaa,
328 1523 473 1572 φουεῦω,
501 1538 566 1572 pro
581 1538 655 1571 quo
677 1526 707 1572 §.
726 1537 757 1568 9.
771 1538 802 1559 e.
826 1535 865 1560 et
882 1525 915 1570 §.
937 1539 1004 1561 με.
1024 1541 1165 1562 uarum.
1187 1524 1342 1561 variatur
1354 1523 1430 1566 hic.
1460 1538 1539 1560 non
1561 1525 1716 1562 afferen-

214 1589 256 1615 te
279 1579 356 1623 Stp.
376 1576 448 1610 Th.
468 1574 505 1609 in
527 1587 558 1609 v.
576 1573 642 1620 ῥιίω
666 1577 725 1621 Bg.
748 1575 850 1614 Lat..-
876 1573 977 1620 quod
999 1584 1124 1610 tamen
1143 1573 1184 1608 in
1206 1574 1285 1610 eius
1304 1574 1389 1608 loco
1410 1586 1430 1608 e
1450 1576 1566 1620 Soph.
1587 1574 1646 1610 Αἱ.
1676 1587 1714 1609 v.

218 1637 324 1671 1293.
346 1625 455 1659 habet
477 1624 538 1658 Vs.
562 1624 618 1657 ed.
643 1621 781 1663 lohns.‚
809 1634 848 1658 et
859 1624 903 1657 G.
916 1624 989 1656 Th.
1003 1635 1085 1657 cum
1111 1619 1268 1668 »ἑόομσιη
1297 1621 1461 1667 ἐςῦομοοι“
1492 1623 1540 1657 cf.
1552 1624 1592 1658 L.
1605 1623 1715 1659 N.T.

214 1677 261 1713 In
279 1674 329 1721 sq.
352 1672 448 1708 nihil
473 1682 592 1707 tentat
612 1671 698 1707 Rsk.
714 1694 725 1710 ‚
751 1671 801 1706 cf.
820 1670 851 1716 §.
865 1682 920 1713 7.,
945 1671 1007 1707 sed
1024 1670 1156 1707 Noster
1175 1683 1207 1706 ν.
1228 1673 1291 1716 (pst.
1304 1695 1314 1712 ‚
1340 1671 1507 1717 proxime
1527 1669 1596 1706 iam
1619 1670 1720 1707 adhi-

213 1722 358 1763 bitum,
394 1722 507 1756 modo
525 1729 634 1756 ornat
655 1719 851 1761 adiunffis,
887 1719 1062 1755 variando
1091 1732 1171 1755 non
1191 1731 1337 1755 tantum
1367 1719 1406 1755 in
1427 1720 1532 1756 subst.
1553 1722 1617 1757 τοῦ
1633 1724 1716 1766 δεμ,

214 1785 287 1821 pro
307 1784 358 1817 pr.
376 1772 424 1816 τῷ
442 1774 497 1807 &se-
512 1796 521 1811 ‚
549 1769 606 1804 sed
630 1780 669 1805 et
690 1769 727 1803 in
748 1769 855 1804 subst.
875 1775 948 1813 αἰχ.
962 1794 972 1809 ,
1001 1781 1068 1815 pro
1087 1768 1119 1815 §.
1144 1781 1198 1814 pr.
1217 1769 1239 1804 i.
1262 1773 1374 1814 ἀκμὴ,
1410 1769 1504 1806 reste
1522 1769 1632 1805 etiam
1654 1768 1717 1804 ad-

212 1821 332 1856 dente
350 1818 478 1854 Markl.
500 1818 545 1853 ad
562 1820 660 1855 Max.
679 1818 772 1864 Tyr.
796 1831 830 1865 p.
843 1823 946 1862 656..
972 1819 1064 1858 „ubi
1083 1817 1201 1854 lusum
1213 1817 1373 1853 historici
1394 1818 1540 1854 notabis
1556 1817 1596 1853 in
1617 1816 1718 1852 voci-

216 1870 286 1906 bus
305 1870 414 1914 αἰχμῇ
434 1879 473 1903 et
492 1872 626 1912 ‘'curzh“
654 1879 728 1914 quo
757 1866 803 1901 de
827 1867 908 1903 lusu
938 1879 1007 1903 nos
1031 1866 1140 1906 alibi.
1179 1865 1227 1902 cf.
1248 1869 1293 1902 de
1312 1871 1386 1911 αἰχ.
1410 1867 1506 1902 Poll.
1524 1879 1555 1909 1,
1579 1871 1657 1912 136.
1677 1876 1716 1902 et

215 1918 322 1955 Suid.
349 1931 376 1952 1.
395 1922 477 1961 664.
495 1930 550 1956 e..
585 1929 663 1952 non
683 1916 765 1952 coll.
792 1918 835 1952 ad
857 1915 944 1953 Hes.
969 1929 998 1958 1,
1024 1926 1180 1959 178.m.‚
1206 1927 1250 1952 ut
1270 1915 1329 1951 hic
1347 1927 1497 1963 quoque
1508 1928 1541 1951 v.
1555 1919 1616 1963 φθ.
1628 1915 1719 1953 Ιὶἐετ

214 1967 398 2004 rescivere
419 1966 456 2000 in
475 1966 579 2014 prius
596 1966 795 2012 percutiens
810 1967 875 2002 rel.

267 2021 304 2062 ἐξ
323 2015 425 2058 ὁπογ.
446 2034 484 2040 —-
505 2013 635 2060 ἂναρᾆ)
664 2015 825 2049 Verbum
846 2013 1063 2059 suspestum.
1116 2014 1215 2050 Num
1230 2010 1301 2057 hus
1317 2013 1538 2059 ἄφεθέντωνὲ
1561 2025 1717 2051 centum

215 2066 369 2102 leonibus
389 2063 489 2100 iimul
507 2061 630 2108 emtffis
651 2077 671 2099 e
689 2063 829 2104 caveis,
856 2064 991 2110 quibus
1011 2061 1139 2098 inclusi
1159 2063 1320 2098 fuerant.
1350 2062 1464 2098 Reisk.

315 2113 485 2159 Speciem
505 2112 595 2148 haec
614 2111 827 2148 emendatio
851 2112 961 2148 habet
985 2124 1050 2157 per
1072 2113 1194 2148 Amm.
1215 2112 1267 2147 M,
1294 2112 1419 2147 locum
1439 2112 1542 2158 supra
1565 2113 1609 2149 ad
1630 2109 1664 2158 ᾗ.
1685 2122 1718 2148 1.

216 2176 289 2204 m..
322 2172 458 2198 centum
481 2163 592 2196 leones
612 2160 714 2197 simul
735 2161 884 2209 emffs,
914 2173 958 2197 ut
978 2173 1101 2196 tamen
1122 2162 1255 2197 Noster
1274 2160 1364 2197 illud
1387 2157 1458 2206 ἅμα
1475 2164 1499 2196 1.
1521 2159 1602 2206 ὁμοῦ
1620 2159 1718 2196 omi-

211 2212 302 2251 :serit
330 2209 709 2258 subintelligendum,
749 2209 840 2245 ficut
869 2210 943 2244 Dio
963 2209 1040 2246 Cas.
1071 2223 1104 2256 p.
1132 2220 1255 2252 1218..
1291 2208 1337 2245 cf.
1357 2209 1460 2257 supra
1487 2210 1520 2258 §.
1542 2223 1575 2254 5.
1595 2223 1642 2245 m.
1671 2209 1718 2246 ad
1750 2213 1755 2219 “

215 2265 366 2306 merse..
400 2259 522 2306 quod,
551 2269 695 2302 praeter
709 2259 826 2294 libros
846 2271 998 2301 omnes,
1023 2271 1094 2294 nec
1115 2259 1153 2294 in
1168 2261 1204 2295 P.
1218 2270 1427 2304 comparet;
1451 2271 1491 2294 ut
1506 2259 1636 2295 Noster
1647 2271 1716 2306 pro
1747 2267 1768 2307 ᾖ

214 2311 387 2345 libertate
407 2309 467 2344 sua
488 2308 614 2353 potuit
630 2309 737 2343 aliter
757 2320 832 2344 rem
855 2306 1007 2348 efferre,
1042 2309 1125 2344 usus
1142 2321 1177 2343 v.
1198 2309 1263 2343 Gr.
1283 2307 1549 2355 ἁναρῥίττεσθη
1569 2308 1592 2345 s.
1614 2307 1714 2355 ἄναξ·

218 2358 410 2404 ῥιπτεῖσθαι,
431 2358 489 2392 vel
510 2356 611 2392 sensu
630 2356 735 2403 pass..
763 2357 847 2402 (pro
869 2356 951 2391 eiici
975 2356 996 2391 s.
1017 2355 1147 2403 proiici
1161 2382 1171 2399 ‚
1204 2357 1248 2393 sc.
1269 2358 1312 2391 ab
1330 2358 1434 2398 aliis,
1470 2368 1511 2392 ut
1528 2357 1718 2397 ministris,

214 2408 243 2444 i.
263 2420 295 2443 e.
316 2405 462 2447 emitti,
505 2404 621 2440 finere
650 2406 747 2442 exire
769 2417 850 2441 cum
881 2406 938 2448 vi,
972 2405 1115 2453 impetu
1143 2419 1183 2442 ac
1203 2406 1433 2449 velocitate.)
1456 2407 1513 2441 vel
1538 2406 1615 2452 pass
1648 2417 1716 2453 pro

214 2459 337 2497 med„
373 2456 395 2490 i.
421 2454 456 2490 se
471 2455 627 2496 eiicere,
653 2455 858 2502 proiicere,
890 2465 1087 2502 proruere,
1124 2455 1277 2503 prodire
1297 2454 1472 2490 ferociter
1502 2455 1714 2502 timideque,

214 2505 326 2541 nobis
346 2502 659 2552 hervorstiirzen,
684 2504 795 2549 sfich
815 2503 1128 2552 hervorstiirzen5
1165 2517 1273 2552 quam
1292 2503 1463 2540 lestionis
1483 2505 1583 2550 vulg.
1602 2504 1716 2539 inter-

216 2552 465 2600 pretationem
494 2552 671 2588 sustinent
700 2553 855 2600 oblique
881 2553 996 2588 etiam
1012 2553 1103 2601 Bg..
1137 2559 1211 2599 (ap.
1231 2555 1274 2590 G.
1298 2552 1372 2589 Th.
1401 2553 1622 2598 explicatum
1647 2564 1713 2598 per

217 2600 374 2637 deiicere
397 2607 480 2645 605,
501 2613 556 2647 23.
575 2602 637 2637 sed
661 2611 703 2647 32
724 2615 788 2647 per
806 2600 1027 2643 immittere,
1063 2601 1102 2637 in
1131 2614 1228 2649 quo,
1265 2603 1373 2638 etiarn
1394 2601 1558 2637 adhibito
1577 2599 1674 2635 infra
1691 2613 1713 2637 a

215 2649 369 2695 Vopisc.
383 2675 393 2689 ,
421 2660 505 2692 987,
523 2662 583 2693 90.
603 2661 660 2694 98.
687 2652 908 2690 „immittere
928 2650 965 2694 se
985 2651 1024 2685 in
1044 2651 1188 2687 medios
1209 2650 1336 2700 hqstes,
1369 2649 1395 2686 i.
1414 2650 1548 2686 irruere
1574 2661 1612 2685 et
1637 2647 1714 2686 sese

213 2700 504 2748 prorumpere«)
520 2710 562 2739 et
572 2700 609 2738 Ρ.
622 2723 635 2744 ,
658 2710 770 2747 quem
786 2700 923 2750 partim
939 2699 1170 2739 retinetsch.
1194 2699 1386 2745 mduffis,
1411 2698 1550 2745 eieais,
1573 2704 1715 2736 cavea“
1748 2741 1758 2749 .
