1798 3163
158 144 397 176 xxxvm
471 130 506 174 1.
538 129 628 174 FR.
665 126 939 174 LeisNERI
970 127 1210 175 Paotvs.
1245 112 1480 176 scflon

158 240 295 288 probat
323 237 486 285 denique
515 250 666 275 srevn.
701 249 953 274 BERGLERvs
988 236 1028 272 in
1060 236 1291 284 praefatione
1314 237 1359 273 ad
1379 236 1537 275 Homeri
1561 236 1665 274 Iliad.

159 301 205 336 pa
236 316 243 324 .
267 301 279 324 ι
294 301 321 325 1.
342 287 419 335 sqq.
435 312 446 328 ,
480 286 544 334 qui
564 284 627 322 etsi
645 285 735 322 illud
755 297 894 334 genus,
919 284 974 321 uti
990 285 1056 322 usu
1072 284 1219 323 facilius
1233 312 1243 327 ,
1271 287 1323 322 ita
1343 285 1443 322 facin
1463 286 1666 333 operosius.

159 300 257 374 fagio
277 334 464 383 periculo,
498 334 766 382 deprehendit,
791 346 834 370 ut
855 333 1011 381 ipsemet
1033 334 1188 371 fatetur:
1215 345 1340 371 tamen
1358 347 1396 372 et
1414 334 1454 371 in
1469 335 1667 381 Alciphro-

161 386 224 422 nis
248 384 413 432 epistolis
443 382 652 425 vertendis,
688 393 724 418 et
751 383 790 418 in
812 382 1030 419 Comoediis
1051 383 1325 430 Aristophanis,
1356 384 1397 420 in
1425 382 1669 420 emendandis

161 433 393 471 versionibus
412 432 567 469 Homeri
581 455 592 472 ,
626 442 664 468 et
685 431 725 467 in
752 429 832 468 aliis
849 429 1010 467 feliciter
1031 431 1204 468 tentavit.
1257 431 1437 469 Tentavit
1457 445 1546 468 vero
1568 431 1669 468 idem

161 484 207 520 in
226 480 442 519 Herodiano
469 480 774 526 interpretando,
810 479 914 516 cuius
934 492 1068 517 novam
1088 481 1304 522 versionem,
1331 481 1490 529 vestigiis
1512 479 1668 517 auctoris

161 532 282 579 presso
312 531 404 576 pede
426 530 580 577 propius
602 527 845 570 insistentem,
882 528 1074 577 magisque
1101 529 1277 566 studiosae
1305 530 1515 571 iuventuti,
1557 540 1671 577 quam

161 580 431 618 maturioribus
450 577 636 627 ingeniis,
670 577 983 614 accommodatam
1004 578 1040 614 se
1063 577 1249 626 suscepisse
1279 590 1318 615 et
1337 578 1548 620 absolvisse,
1579 577 1670 614 dum.

161 628 308 675 Lipsiae
337 639 482 675 ageret,
526 626 651 662 scribit
671 625 862 673 Berglerus
885 625 926 662 in
954 626 1106 674 epistola
1136 628 1179 663 ad
1196 628 1402 664 Fabricium
1421 627 1518 663 edita
1540 640 1558 662 a
1584 625 1672 662 Rei·

164 690 268 714 maro
292 677 368 724 post
387 676 499 711 vitam
517 672 674 710 Fabricii
696 685 775 720 pag.
797 686 879 710 222.
901 675 952 723 sq.
1004 676 1249 721 Qorundam
1277 676 1473 713 donorum
1503 674 1672 710 virorum

163 726 270 765 favor
299 738 374 774 quo
407 724 520 771 magis
552 722 751 769 respondet
778 722 930 771 ingenio
956 725 1117 771 Bergleri
1146 735 1184 761 et
1212 725 1374 768 meritis,
1410 735 1515 761 tanto
1542 734 1673 759 eorum

164 775 287 814 maior
316 773 366 809 est
391 774 519 814 dolor,
560 770 764 807 versionem
798 772 900 808 istam
928 773 1071 819 prelum
1091 785 1168 808 non
1188 773 1341 810 subiisse.
1401 786 1513 810 FR1D.
1541 784 1669 807 οττο

165 834 417 864 MENKENJVS
435 842 445 858 2
473 821 512 856 in
531 820 607 855 vita
626 819 801 856 Politiani
821 832 857 866 p.
883 830 961 866 158.
984 834 1064 857 eam
1083 819 1147 857 diu
1168 822 1371 858 latitassein
1393 824 1426 858 b.
1440 819 1602 868 parentis
1616 818 1673 856 sui

164 872 397 909 bibliotheca
418 868 565 910 scribit,
602 868 712 915 seque
730 868 893 911 nescire,
921 882 968 906 an
990 869 1030 906 in
1049 869 1176 918 dignas
1195 870 1278 906 satis
1299 881 1407 907 tanto
1426 883 1578 907 munere
1597 881 1674 904 ma-

165 933 241 957 nus
263 917 496 967 pervenerit,
524 919 806 966 optandumque
827 918 898 954 esse
916 920 1106 955 commodi
1125 919 1263 965 publici
1283 919 1394 955 caussa
1407 943 1417 960 ,
1444 931 1486 955 ut
1504 931 1587 955 curn
1605 930 1677 954 no-

167 982 238 1010 va,
271 968 294 1004 si
314 968 398 1016 quis
415 980 494 1003 eam
515 966 735 1007 meditetur,
770 967 977 1003 Herodiani
995 967 1164 1003 editione
1184 968 1305 1003 lucem
1326 967 1531 1014 aliquando
1550 967 1674 1003 videat

165 1016 370 1067 publicam.
421 1018 526 1062 Qae
546 1014 673 1051 eadem
692 1015 830 1061 repetit
851 1016 891 1052 in
910 1016 1143 1062 praefatione
1164 1018 1206 1053 ad
1218 1016 1501 1061 Aristophanem
1517 1029 1549 1051 1⁵.
1573 1027 1678 1050 evn-

169 1078 356 1104 MANNVS
378 1064 571 1100 secundus.
627 1065 794 1100 Tantum
824 1064 877 1101 sui
899 1064 991 1101 fecit
1011 1065 1303 1112 expectationem
1336 1065 1397 1100 illa
1415 1062 1678 1110 interpretatio

166 1113 422 1163 Bergleriana!
471 1112 541 1148 Hic
567 1111 663 1149 nihil
690 1112 827 1149 attinet
855 1113 999 1155 dicere,
1034 1127 1093 1150 me
1121 1124 1184 1149 aut
1203 1112 1303 1148 illam
1329 1113 1442 1159 ipsam
1471 1111 1678 1148 versionem

168 1162 333 1212 Bergleri
348 1187 358 1204 ‚
387 1175 481 1209 quae
501 1160 622 1198 fuerat
644 1161 684 1198 in
707 1159 930 1199 bibliotheca
953 1162 1224 1203 Menkeniana,
1259 1173 1322 1197 aut
1350 1173 1449 1198 certe
1469 1161 1678 1207 exemplum

168 1211 272 1248 iuius
293 1223 331 1247 et
349 1215 560 1256 ἃντίγραφον
579 1221 664 1246 ante
683 1223 800 1247 annos
829 1211 908 1247 fere
928 1210 1078 1259 triginta
1096 1210 1219 1247 vidisse
1245 1211 1284 1246 in
1307 1211 1460 1257 quadam
1482 1209 1549 1246 viri
1580 1207 1679 1245 docti

165 1259 363 1308 Lipsiensis
383 1260 628 1299 bibliotheca,
664 1258 857 1306 aliquanto
880 1259 960 1306 post
977 1259 1072 1307 apud
1097 1258 1302 1306 Dresigium
1325 1260 1370 1294 V.
1388 1261 1453 1301 C.‚
1480 1258 1544 1306 qui
1559 1260 1681 1294 Hero-

169 1309 325 1346 dianum
347 1307 382 1343 se
399 1307 595 1355 aliquando
614 1307 800 1345 edendum
819 1307 1070 1354 suscepturum
1091 1309 1180 1344 mihi
1200 1309 1415 1345 affirmabat.
1462 1308 1554 1343 illud
1575 1305 1680 1342 silere

166 1370 255 1395 non
279 1357 420 1399 debeo,
455 1357 547 1393 mihi
569 1356 716 1393 tandem
736 1368 811 1393 tam
833 1357 935 1393 felici
959 1357 1028 1393 esse
1047 1355 1205 1399 licuisse,
1231 1367 1273 1392 ut
1290 1356 1398 1404 copia
1418 1357 1527 1392 huius
1549 1353 1680 1391 versio-

167 1409 234 1444 nis
256 1407 414 1444 daretur.
469 1405 771 1442 Communicavit
793 1419 872 1442 eam
900 1418 1043 1442 mecum
1067 1419 1110 1442 ex
1130 1405 1357 1442 Bibliotheca
1379 1403 1597 1451 Ampliffimi
1627 1402 1680 1439 se-

169 1467 286 1493 natus
306 1452 492 1502 Lipsiensis
512 1453 579 1489 Vir
596 1454 769 1495 Illustris,
802 1467 857 1490 io.
879 1467 965 1491 1Αο.
990 1467 1277 1497 MASCOVIVS,
1316 1467 1425 1503 quem
1447 1454 1585 1499 semper
1615 1452 1681 1488 ali-

167 1504 267 1552 quid
288 1515 416 1552 agere,
449 1502 592 1550 semper
613 1502 754 1550 aliquid
782 1503 970 1545 meditari,
1004 1503 1103 1550 quod
1134 1503 1278 1549 publice
1307 1503 1439 1551 prosit,
1476 1502 1580 1551 quod
1602 1513 1681 1537 rem

168 1553 374 1590 literar-iam
394 1552 518 1594 iuvet,
555 1563 627 1599 qua
644 1552 898 1594 adhortando,
922 1564 994 1599 qua
1014 1551 1206 1588 consilium
1226 1551 1478 1599 impertiendo
1492 1578 1502 1593 ,
1528 1563 1598 1598 qua
1619 1550 1684 1586 de·

169 1602 294 1648 nique
312 1611 468 1637 conatus
489 1599 647 1637 aliorum
667 1614 707 1636 re
726 1612 838 1648 atque
856 1614 966 1648 opera
982 1600 1169 1640 iuvando,
1207 1613 1331 1648 neque
1358 1602 1401 1636 ab
1426 1602 1497 1636 hoc
1519 1603 1614 1637 bene
1635 1598 1682 1634 de

171 1649 294 1688 literis
312 1648 480 1688 merendi
498 1648 617 1686 studio
639 1651 698 1685 vel
720 1650 956 1697 negotiorum
980 1649 1247 1691 multitudine,
1284 1650 1342 1685 vel
1373 1648 1597 1686 valetudinis
1624 1647 1684 1684 in-

171 1697 376 1739 firmitate,
404 1697 568 1738 avocari,
600 1698 709 1734 testes
728 1698 814 1734 sunt
833 1698 859 1734 ii
880 1710 1033 1739 omnes,
1068 1699 1201 1746 quibus
1223 1698 1322 1735 adire
1340 1711 1438 1740 eum,
1464 1697 1684 1746 perfruique

174 1747 261 1785 eius
279 1748 470 1788 sermone,
507 1746 622 1793 pleno
645 1745 830 1784 comitatis
859 1757 898 1784 et
920 1746 1131 1787 doctrinae,
1167 1747 1369 1794 contingit.

276 1798 318 1833 In
337 1807 427 1843 quas
449 1805 579 1832 manus
596 1794 657 1831 ista
676 1794 790 1831 versio
811 1808 855 1833 ex
877 1795 1104 1832 bibliotheca
1123 1795 1320 1833 Menkenii
1347 1794 1574 1843 pervenerit,
1601 1806 1684 1832 non

172 1844 264 1882 :satis
286 1845 383 1881 scio:
426 1843 488 1880 sed
509 1854 552 1880 ut
573 1856 675 1880 nunc
704 1843 743 1880 in
763 1855 868 1881 tanto
892 1857 1046 1881 munere
1078 1844 1246 1892 indignas
1272 1844 1473 1892 pervenisse
1499 1845 1685 1884 videatur,

170 1905 259 1931 non
282 1891 526 1929 committam.
579 1892 616 1930 Si
638 1892 814 1941 indignae
829 1905 957 1929 manus
979 1894 1064 1929 sunt
1086 1893 1179 1934 eim,
1204 1893 1267 1940 qui
1287 1905 1365 1929 eam
1384 1892 1586 1933 abscondit,
1614 1904 1685 1928 nec

174 1942 369 1990 publicam
386 1954 464 1978 rem
482 1940 597 1983 facit,
633 1941 722 1978 mihi
742 1941 971 1988 propositum
991 1941 1052 1982 est,
1079 1954 1159 1976 eam
1181 1942 1261 1978 orbi
1276 1941 1424 1978 literato
1446 1941 1585 1978 diutius
1604 1953 1686 1978 non

175 1990 372 2028 invidere:
411 1988 465 2026 fin
484 2000 572 2026 vero
591 1988 689 2031 eius,
724 1990 787 2036 qui
808 1990 968 2037 pretium
988 2002 1167 2037 quantum
1187 1990 1219 2026 ei
1240 1991 1469 2026 statuendum
1498 1989 1563 2030 sit,
1604 2002 1684 2026 non

176 2039 373 2088 intelligit,
397 2049 468 2086 ego
487 2037 637 2081 cavebo,
666 2050 728 2082 ne,
750 2050 844 2087 quae
862 2038 1117 2088 Berglerianae
1135 2038 1454 2086 interpretationis
1475 2039 1582 2075 dotes
1603 2038 1685 2080 sint,

178 2088 355 2137 ignorare
378 2087 516 2124 videar.

282 2137 379 2173 Mihi
401 2149 479 2173 eam
503 2134 728 2173 examinanti
749 2134 816 2172 tria
836 2134 1076 2185 potissumum
1095 2136 1216 2172 oblata
1238 2136 1346 2178 sunt,
1382 2148 1475 2183 quae
1496 2148 1686 2173 commen-

180 2185 341 2223 dabilem
360 2198 437 2220 eam
455 2183 606 2221 faciant.
657 2185 778 2221 Prima
799 2185 1074 2221 commendatio
1095 2183 1337 2232 proficiscitur
1363 2187 1408 2220 ab
1434 2197 1475 2220 ea
1503 2185 1685 2232 interpre-

179 2233 286 2272 tandi
308 2234 511 2280 religione,
544 2245 636 2281 quae
658 2235 811 2271 verbum
830 2234 947 2270 verbo
970 2233 1142 2275 reddere,
1178 2246 1356 2280 quantum
1379 2233 1557 2270 sermonis
1577 2233 1686 2271 indo·

179 2282 416 2328 les‘patitur,
449 2292 560 2317 curat.
613 2285 692 2324 Qua
715 2280 896 2330 religione
915 2282 1105 2330 Berglerus
1124 2281 1269 2323 effecit,
1295 2293 1337 2318 ut
1359 2295 1402 2319 ex
1421 2283 1486 2318 hac
1505 2283 1688 2330 interpre-

182 2331 327 2369 tatione
349 2341 494 2378 graecae
511 2330 789 2367 construc'lionis
808 2331 903 2367 ratio
918 2355 929 2370 ,
958 2341 997 2366 et
1018 2330 1237 2378 singularum
1256 2343 1392 2367 vocum
1411 2332 1466 2368 vis
1491 2333 1609 2368 multo
1630 2331 1686 2368 fa·

181 2380 294 2416 cilius
319 2391 358 2416 et
384 2378 515 2414 melius
544 2378 653 2415 etiam
683 2392 702 2415 a
722 2381 847 2416 tirone
866 2378 1038 2427 cognosci
1059 2380 1185 2425 poffit‚
1223 2392 1330 2427 quam
1352 2393 1396 2416 ex
1419 2380 1478 2416 illa
1501 2377 1685 2417 Politiani.

181 2430 311 2466 Altera
329 2426 605 2464 commendatio
626 2428 659 2464 ei
682 2428 824 2465 accedit
844 2440 863 2464 a
887 2426 979 2468 fide,
1013 2441 1104 2475 quae
1122 2428 1341 2465 sententiam
1362 2429 1568 2466 sententiae
1601 2428 1687 2465 red-

184 2477 242 2514 dit
256 2503 266 2519 ,
299 2489 368 2513 nec
392 2475 523 2512 tribuit
541 2476 660 2511 verbis
680 2478 814 2513 alienas
833 2489 851 2511 a
873 2477 958 2513 loco
977 2475 1284 2525 significationes,
1320 2490 1390 2514 nec
1409 2478 1554 2515 omittit
1583 2477 1686 2525 quic-

183 2539 317 2574 quam,
352 2537 422 2562 nec
451 2522 565 2560 addit.
624 2525 794 2571 Superest
821 2525 929 2561 tertia
962 2526 1258 2568 commendatio,
1301 2539 1410 2573 quam
1441 2527 1605 2564 habitura
1635 2525 1687 2562 est

182 2576 275 2612 haec
304 2572 564 2620 interpretatio
593 2585 611 2608 a
640 2585 777 2610 conatu
803 2572 998 2620 studioque
1025 2575 1246 2611 emendandi
1273 2587 1416 2612 textum
1449 2587 1617 2624 graecum
1646 2585 1687 2614 et

214 2623 336 2660 uidem
367 2622 411 2659 iis
439 2620 479 2657 in
506 2619 618 2662 locis,
649 2633 808 2669 quorum
828 2623 1017 2669 corruptio
1039 2623 1087 2659 est
1107 2623 1324 2661 indubitata.
1382 2625 1575 2673 Berglerus
1602 2623 1687 2671 qui-

213 2684 271 2711 em
297 2671 473 2710 lectorem
495 2669 816 2720 interpretationis
843 2671 926 2710 suae
945 2672 1005 2709 vix
1025 2684 1156 2722 quater
1180 2684 1244 2712 aut
1268 2672 1466 2723 quinquies
1496 2672 1687 2715 admonet,
