1772 3158
185 130 287 185 894
601 130 897 176 EerRsvs
941 134 1023 176 AD
1061 133 1206 176 ΗΒΚ.
1246 133 1282 179 1.

280 239 314 284 1)
341 237 433 273 illud
451 239 529 285 Stp.
547 251 603 286 ap.
625 241 673 276 G.
694 240 767 276 Th.
797 239 1085 289 „Ji-‘pesflorefi-o,
1119 246 1293 284 ἐπαυὲέω,
1323 242 1416 278 Plin.
1433 260 1472 271 —-
1491 242 1684 290 particula.

179 289 249 326 tim
268 287 417 323 cucumis
438 287 568 328 floret,
582 288 656 333 fibi
675 288 1064 338 ipsesupefstorefce’ns,
1099 291 1188 337 (fine
1210 292 1338 336 explic.
1353 317 1363 332 ‚
1388 291 1430 327 it.
1450 291 1524 328 fine
1548 295 1629 337 Gr.)

278 337 316 381 2)
335 336 479 391 {afloreo
495 336 518 372 s.
536 336 712 385 inflorefi·o
727 362 735 377 ,
760 338 907 374 videtur
919 338 1072 374 trasturn
1094 340 1279 385 quendam
1291 351 1330 376 et
1346 341 1600 377 succeffionem
1612 342 1679 377 flo-

173 399 255 424 rum
278 395 418 420 notare.
466 386 592 421 Claud.
614 405 651 412 -
675 387 828 435 pristina
856 387 1046 422 Romuleis
1067 388 1228 435 infloruit
1256 390 1392 425 artibus
1416 397 1544 424 aetas“
1574 390 1680 435 quod

175 434 295 472 fuerit
322 433 382 468 vel
400 433 531 481 floruit
558 435 598 470 in
626 436 792 476 artibus,
825 436 881 470 vel
907 448 974 482 pro
994 435 1250 484 fimpl.floruit
1274 438 1438 479 artibus,
1475 451 1587 485 quam
1607 448 1679 474 utr.

175 482 375 520 formulam
397 484 443 518 G.
464 483 536 517 Th.
566 495 671 520 tenet
691 488 774 527 692,
791 497 849 529 42.
869 487 928 519 61.

280 530 417 567 Nostro
448 531 599 578 quidem
624 531 663 567 in
693 533 800 574 loco,
833 532 895 568 ubi
925 531 1074 570 videtur
1095 534 1331 571 Herodianus
1358 534 1548 582 respexisse
1567 537 1678 571 Hom.

174 583 202 618 1.
227 581 248 617 l.
271 579 375 625 supra
396 592 440 614 ex
463 584 530 617 Ὀδ.
549 578 590 623 λ’,
614 590 718 626 318.‚
749 582 939 629 coniunge
959 586 1036 622 ταῖς
1054 580 1327 628 παρ-ἐπήνθουν,
1353 596 1418 628 pro
1434 588 1487 621 ἐπὶ
1504 588 1580 625 ταῖς
1600 600 1679 630 παρ.

175 627 320 673 ἔνθουν,
352 629 483 667 nobis,
518 632 593 665 und
607 630 684 667 sein
715 631 846 666 hervet·
865 630 1080 666 stechendes
1099 633 1305 667 Milchlmar
1331 633 1481 668 bluhete
1507 634 1580 679 auf
1603 635 1677 668 den

169 680 361 724 wangen,
388 676 450 712 sed
471 678 549 713 Lat.
565 688 601 714 et
619 679 845 725 proveniens
868 681 994 726 lanugo
1015 681 1087 715 eius
1106 681 1358 717 efflorescebat
1371 682 1501 729 genis,
1528 682 1552 716 i.
1571 681 1679 717 flore-

175 728 241 764 bat
266 727 305 762 in
328 726 453 773 genis,
490 727 623 763 eratin
642 727 769 776 genis,
800 739 976 774 tanquam
995 728 1061 763 flos
1081 729 1103 764 s.
1126 741 1275 765 ornatus
1297 730 1470 777 quidam,
1497 730 1678 766 efficiebat

171 774 365 823 quendam
386 786 581 818 ornatum,
608 788 718 824 genas
738 779 910 816 ornabat,
945 777 1147 824 pulcriores
1166 777 1366 820 reddebat,
1405 778 1677 826 (verschiinerte,

171 822 389 862 :schm'uckte
415 824 471 859 die
497 826 685 873 Wangem)
715 837 790 873 quo
821 837 860 862 et
886 826 1018 862 tendat
1044 828 1105 874 ssg.
1129 825 1287 871 phrafis‚
1320 841 1380 863 eas
1407 827 1506 874 quasi
1529 827 1677 864 floribus

171 873 367 923 «astabat,
398 885 418 907 e
440 873 476 908 P.
493 872 591 915 fere,
617 887 676 910 eas
695 874 790 921 quali
811 873 964 910 floribus
982 874 1235 923 convestiebat,
1268 887 1360 922 quae
1385 888 1565 923 utraque,
1600 887 1678 911 tro-

167 935 266 972 pum
290 921 392 957 verbi
412 920 577 958 retinens
602 924 726 971 aliquo
748 923 872 969 pasto,
905 923 1002 960 redit
1019 924 1113 965 huc,
1150 937 1192 960 ut
1203 924 1356 971 floribus
1383 925 1475 974 quid
1501 923 1630 972 vestire
1655 924 1679 961 s.

171 970 368 1019 convestire
387 968 430 1004 fit
449 969 516 1017 i.q.
538 971 679 1019 aliquid
698 972 850 1008 floribus
869 983 994 1020 tegere
1007 997 1017 1014 ‚
1045 985 1242 1013 exornare,
1280 972 1478 1015 instruere,
1516 973 1676 1015 munire,

171 1031 290 1067 atque
309 1020 398 1053 hinc
416 1018 628 1066 fimpliciter
653 1020 675 1055 i.
695 1034 730 1069 q.
757 1021 897 1068 aliquid
919 1034 1072 1064 ornare,
1107 1023 1275 1068 pulcrum
1306 1035 1347 1057 ac
1368 1022 1570 1060 iucundum
1597 1024 1678 1058 red.

172 1069 285 1110 dere,
321 1080 405 1104 cum
425 1067 535 1104 flores
553 1069 670 1105 additi
693 1071 799 1106 rebus
819 1070 1058 1120 quibusdam,
1084 1082 1127 1106 ut
1147 1071 1302 1107 vestibus
1323 1081 1362 1107 et
1383 1073 1495 1113 cibis,
1535 1083 1678 1108 utrum-

171 1130 251 1165 que
271 1116 474 1164 praestent,
508 1129 588 1154 tum
619 1129 791 1155 ornatum
812 1131 847 1154 et
874 1119 1184 1165 pulcritudinem,
1215 1131 1295 1156 tuin
1316 1119 1535 1158 suavitatem
1552 1132 1594 1158 ac
1611 1132 1677 1157 vo·

173 1167 380 1214 luptatem3
419 1165 464 1202 cf.
486 1168 533 1204 G.
553 1168 626 1205 Th.
646 1167 686 1205 in
706 1181 741 1204 v.
763 1168 832 1204 illo
853 1178 924 1205 utr.

849 1281 881 1310 1,
903 1277 937 1309 82
959 1281 990 1312 ς·

246 1314 355 1352 Ἀλλὰ
370 1319 460 1360 γὰρ»
496 1313 607 1363 αἷσπερ
628 1317 713 1359 τινὲς
740 1321 883 1364 πονηρᾶς
910 1318 965 1355 κου)
989 1323 1157 1363 βασκάνου
1174 1314 1285 1362 τ’·ὗχης
1303 1313 1551 1364 ἃνατςεποᾶσης
1571 1330 1606 1355 λ-

291 1364 417 1399 Primo
440 1364 476 1399 in
498 1370 587 1402 ἀλλὰ
605 1372 674 1411 ’γὰρ
696 1366 857 1402 severior
880 1367 929 1402 est
948 1369 1007 1414 ssg.
1030 1380 1094 1413 per
1112 1380 1235 1402 verum
1256 1366 1355 1401 enim
1375 1379 1479 1406 vero,
1507 1379 1615 1413 quam
1635 1366 1675 1402 P.

169 1412 213 1450 in
230 1413 331 1454 dein3
359 1425 568 1459 quanquam
589 1414 774 1451 sufficiunt
795 1417 872 1451 Lat.
891 1415 958 1450 alia
979 1417 1082 1456 haec,
1111 1428 1232 1450 verum
1251 1416 1354 1455 enim,
1381 1415 1424 1452 it.
1444 1425 1484 1450 at
1503 1417 1607 1456 enim,
1635 1414 1678 1451 it.

159 1462 234 1512 sed
248 1462 360 1501 enim,
397 1463 552 1499 vocibus
573 1465 638 1499 Gr.
664 1464 803 1499 duabus
824 1464 936 1511 magis
958 1464 1238 1511 respondentia,
1268 1465 1378 1498 etiam
1400 1463 1532 1512 magis,
1566 1476 1678 1511 quam

170 1512 246 1548 hoc
263 1511 466 1551 enimuero,
503 1512 641 1547 habens
659 1513 797 1558 quippe
818 1514 987 1548 ordinem
1009 1512 1140 1552 alium;
1178 1511 1243 1547 etsi
1269 1512 1414 1552 omnia,
1450 1514 1572 1559 quoad
1599 1513 1679 1548 sen·

171 1561 249 1597 sum
273 1559 446 1606 quidem,
480 1562 638 1596 redeunt
659 1563 701 1595 ad
725 1573 833 1596 unam
860 1561 1019 1607 aliquam
1039 1559 1393 1608 adversativam-sed,
1427 1560 1468 1596 it.
1491 1570 1554 1602 at,
1587 1559 1679 1598 sicut

174 1608 310 1646 diserte
332 1609 433 1643 Suid,
459 1620 490 1649 1,
510 1621 568 1651 97.
589 1623 622 1644 e.
650 1615 706 1646 ἀλ.
727 1615 819 1655 γὰρ,
851 1614 924 1646 ἀντὶ
945 1613 1003 1646 τοῦ
1022 1614 1079 1650 δὲ,
1109 1622 1141 1646 7..

274 1657 425 1692 Scilicet
449 1657 486 1691 in
507 1658 574 1694 Gr.
593 1658 766 1704 particula
779 1683 788 1698 ‚
813 1657 883 1694 five
902 1660 961 1695 illa
980 1658 1025 1694 lic
1043 1658 1164 1694 vicine
1185 1657 1310 1705 polita,
1328 1655 1403 1694 five
1420 1657 1593 1704 separata,
1621 1656 1680 1695 in.

173 1705 338 1744 teriestis
357 1704 574 1752 quibusdam
597 1706 679 1743 aliis
697 1708 873 1747 vocibus,
910 1719 1020 1754 porro
1041 1707 1153 1743 stante
1174 1706 1234 1743 illa
1255 1707 1325 1742 five
1342 1707 1387 1742 ab
1408 1707 1521 1742 initio
1540 1707 1679 1744 oratio-

174 1755 258 1795 nis,
292 1753 362 1790 sive
383 1755 423 1789 in
443 1755 564 1791 media
584 1756 774 1795 oratione,
812 1756 883 1792 {ive
903 1758 942 1792 in
964 1758 1168 1796 relatione,
1205 1757 1263 1799 (ut
1280 1755 1362 1795 hic,
1396 1755 1458 1792 ubi
1480 1756 1680 1803 respondet

174 1803 290 1853 priori
308 1809 365 1845 μὲν
385 1805 416 1851 §.
436 1804 480 1845 i.,
513 1815 555 1840 ut
577 1804 661 1841 alias
682 1805 727 1840 ad
747 1804 782 1841 se
802 1804 1016 1842 referuntur
1033 1811 1091 1851 μὲν
1110 1818 1149 1841 et
1169 1809 1226 1845 δὲ,
1252 1803 1295 1840 lt.
1317 1806 1396 1850 post
1416 1807 1452 1840 οὕ
1464 1804 1543 1850 [μὴ
1555 1802 1678 1850 μένε-ιη)

175 1853 249 1890 sive
270 1852 380 1888 ctiam
404 1851 479 1889 sine
497 1854 693 1894 relatione,
719 1867 802 1890 cum
822 1859 877 1891 ἆλ-
892 1859 965 1900 .·γὲρ
984 1855 1098 1891 solum
1118 1865 1331 1900 comparet,
1360 1864 1403 1888 ut
1416 1855 1494 1890 Lat.
1517 1854 1679 1889 adversa-

175 1902 274 1941 tivae
296 1900 474 1948 {implices
490 1915 552 1939 aut
574 1902 798 1949 compositae
813 1928 823 1943 ,
857 1913 1034 1949 tanquam
1061 1904 1099 1939 in
1125 1902 1434 1939 enunciationum
1457 1902 1577 1939 initiis
1592 1927 1602 1942 ‚
1638 1904 1679 1940 in

173 1965 215 1988 re
237 1963 337 1987 nova
356 1963 395 1986 ct
415 1952 567 1987 traniitu
585 1952 628 1986 ad
651 1965 726 1988 rem
747 1953 872 1992 aliam,
903 1951 943 1988 in
972 1953 1094 1988 reditu
1113 1955 1155 1987 ad
1176 1965 1249 1988 rem
1279 1952 1441 1998 priorem
1463 1963 1500 1986 et
1519 1953 1596 1997 post
1616 1964 1678 1998 pa.

174 1999 384 2040 renthe1i12,
416 2000 454 2035 in
475 2000 685 2036 obiectione
706 2012 744 2037 ct
764 2003 1030 2048 occupatione,
1064 2002 1103 2038 in
1125 1999 1413 2037 ratiocinatione
1432 2012 1472 2036 et
1491 1999 1679 2037 affumtio-

175 2063 244 2091 ne,
270 2049 309 2084 in
334 2049 398 2083 hac
418 2048 531 2096 igitur
554 2049 675 2086 Nostri
700 2052 876 2096 particula
900 2051 1025 2087 severe
1044 2050 1196 2098 quidem
1220 2050 1350 2085 statuas
1373 2049 1471 2084 illam
1490 2054 1526 2086 ἐκ
1545 2061 1679 2096 παραλ-

174 2095 281 2140 λήλου
302 2095 476 2145 figuram,
503 2098 591 2134 dum
613 2099 774 2135 sumatur
794 2105 861 2146 ’γὰρ
883 2112 921 2136 et
942 2099 1016 2146 ipsa
1038 2113 1103 2147 pro
1126 2103 1182 2140 δὲ,
1205 2099 1252 2135 cf.
1274 2110 1304 2139 1,
1323 2111 1352 2143 ς,
1375 2111 1452 2142 ι7.,
1479 2109 1521 2134 ut
1540 2101 1679 2149 ἀμιγὲς

173 2147 220 2183 sit
240 2159 313 2183 una
333 2159 377 2182 ex
398 2146 455 2183 his
474 2149 553 2184 Lat.
595 2153 626 2189 1)
647 2159 687 2183 ut
707 2161 813 2188 vero,
839 2147 887 2186 cf.
906 2150 952 2185 G.
967 2150 1038 2185 Th.
1061 2159 1145 2184 v.at
1157 2163 1188 2183 e.
1209 2160 1292 2184 cum
1307 2149 1400 2183 Hor.
1420 2147 1527 2184 Turs.
1550 2161 1584 2194 p.
1599 2157 1679 2185 160.

175 2196 214 2241 2)
231 2196 299 2244 sed
314 2207 420 2233 vcro,
446 2208 515 2243 qua
535 2195 582 2232 de
602 2197 714 2232 modo
735 2199 826 2234 Hor.
846 2198 894 2232 T.
914 2210 949 2244 p.
968 2207 1070 2244 ¹093.
1089 2196 1114 2232 i.
1134 2199 1201 2234 Nr.
1216 2209 1248 2243 3>3
1278 2209 1362 2232 cum
1383 2197 1432 2232 N.
1492 2199 1527 2243 3)
1556 2209 1680 2233 verum

174 2258 261 2281 vero
276 2270 287 2286 ,
324 2256 378 2290 ap.
398 2246 444 2281 G.
461 2246 536 2281 Th.
559 2259 593 2280 v.
621 2259 745 2282 verum
761 2261 793 2282 e.
826 2259 908 2283 cum
938 2247 1052 2283 Plaut.
1071 2259 1196 2283 verum
1221 2247 1343 2280 hercle
1362 2256 1447 2280 vero
1465 2246 1679 2283 convellere

173 2295 253 2330 illos
273 2295 407 2340 cogito,
440 2306 533 2341 quae
552 2294 735 2338 similiter,
770 2306 812 2332 ut
826 2298 890 2333 Gr.
910 2300 967 2333 ἰκΛ.
989 2301 1080 2342 γὰρ,
1107 2295 1245 2331 divulsa
1267 2295 1334 2335 est;
1359 2294 1404 2330 ad
1421 2305 1530 2340 quam
1549 2295 1676 2331 notio-

172 2356 261 2380 ncm
283 2340 497 2390 classemque
519 2344 656 2379 reseras
677 2356 832 2393 quoque
872 2348 909 2390 1)
931 2358 1054 2381 verum
1081 2355 1218 2386 tamen,
1257 2343 1302 2379 cf.
1326 2344 1371 2379 G.
1400 2345 1467 2380 fh.
1498 2356 1581 2381 cum
1600 2344 1678 2380 ἀλλ’

173 2391 286 2436 ὅμως,
322 2399 361 2427 et
377 2393 470 2427 Hor.
493 2393 539 2428 T.
564 2406 601 2439 p.
629 2404 734 2439 1095.
752 2407 784 2430 e.
807 2394 872 2430 Nr.
889 2406 920 2437 5.
954 2394 993 2430 it.
1016 2396 1071 2430 Cl.
1094 2395 1173 2430 Cic.
1200 2394 1418 2441 „eleganter
1446 2393 1524 2439 post
1551 2405 1679 2440 paren-

174 2441 297 2477 thelin
319 2453 385 2486 pro
407 2442 552 2487 {giturss
579 2442 693 2477 immo
713 2455 779 2489 pro
797 2442 910 2490 (impl.
928 2442 1013 2491 secl,
1038 2454 1131 2483 etc..
1163 2441 1306 2488 prorsus
1327 2454 1366 2478 ut
1389 2446 1444 2479 ἀλ.
1463 2446 1532 2488 ’γὰρ
1544 2453 1581 2477 et
1591 2448 1678 2484 πλὴν

170 2494 287 2531 imae,
323 2501 398 2536 quo
423 2491 469 2525 de
498 2490 616 2531 infra,
663 2495 701 2535 ε.)
727 2501 770 2527 at
798 2501 937 2532 tumen,
974 2505 1032 2540 ap.
1064 2492 1109 2526 G.
1137 2493 1209 2528 Th.
1238 2504 1271 2529 ν.
1291 2501 1333 2527 at
1353 2504 1384 2528 e.
1415 2501 1499 2535 505.
1518 2505 1577 2535 44.
1595 2491 1676 2539 sqq.

172 2536 420 2584 „interposita
439 2551 509 2574 una
534 2539 749 2585 pluribusve
765 2539 988 2578 dictionibus
1000 2567 1010 2583 ‚
1029 2560 1068 2567 -
1086 2551 1126 2575 at
1145 2553 1186 2576 tu
1202 2541 1370 2588 indignus
1389 2540 1450 2588 qui
1467 2539 1604 2576 faceres
1620 2550 1679 2576 ta-

170 2594 280 2622 men“
322 2588 415 2622 Hor.
440 2589 488 2622 T.
518 2600 550 2635 p.
572 2592 648 2624 161.
673 2601 705 2625 e.
735 2602 769 2636 p.
789 2589 839 2636 sq.
861 2603 907 2625 ιη.
961 2594 996 2636 3)
1022 2589 1085 2638 sect
1105 2600 1221 2625 tamen
1248 2589 1296 2626 ib.
1325 2602 1360 2636 p.
1379 2601 1461 2633 954.
1484 2588 1509 2624 i.
1543 2600 1600 2635 ap.
1629 2589 1681 2626 G.

172 2636 248 2671 Th.
271 2648 305 2670 v.
324 2645 441 2670 tamen
461 2649 546 2682 7¹4·
569 2648 622 2673 10.
643 2637 720 2686 sqq.
748 2637 942 2678 „reditum
964 2652 982 2674 a
1008 2637 1215 2686 parenthesi
1235 2637 1405 2674 indicat«
1433 2637 1538 2684 plane
1561 2647 1603 2673 ut
1620 2642 1677 2675 ἀλ.

173 2689 242 2730 γὰρ
263 2695 300 2719 et
322 2691 408 2726 πλὴν
426 2689 517 2723 ἀλλὰ
531 2710 542 2725 ,
587 2691 627 2731 4)
649 2698 771 2727 at-at,
804 2700 861 2734 ap.
881 2688 928 2723 G.
948 2688 1023 2723 Tb.
1049 2700 1105 2732 55,
1120 2700 1179 2732 72·
1201 2699 1269 2734 pro
1290 2686 1572 2727 interieftione,
1593 2697 1679 2725 cum

171 2735 277 2783 Don.
296 2734 341 2769 ad
364 2734 452 2772 Ter.
471 2733 589 2773 Andr.
612 2747 645 2780 1,
668 2747 701 2780 1,
721 2745 782 2782 98.
810 2739 906 2775 Eun.
925 2750 960 2782 4,
982 2748 1013 2782 5,
1035 2748 1065 2775 ι.
1092 2738 1235 2785 Hcc.3,
1253 2750 1288 2787 4.
1309 2746 1385 2784 35..
1405 2735 1558 2786 proprie
1575 2747 1679 2784 repe·
