1788 3148
183 189 284 232 324
324 177 547 222 LIBERI.
583 177 708 224 cAP.
731 156 851 223 v'111.
888 179 943 224 A.
964 178 1022 225 v.
1045 176 1096 226 c.
1121 188 1243 234 933.
1285 180 1639 231 ermerago.

175 290 297 355 αὐτῷ
319 289 636 348 συνεβούλευεῐ
662 286 761 345 τοὺς
784 290 910 359 ὑπεξ-
944 306 1102 361 putare
1142 299 1183 344 ei
1231 296 1435 346 sua-dehat
1484 287 1677 353 emineti-

263 401 290 438 ι’)
319 401 385 433 Ms-
407 399 461 433 Ba.
478 400 720 438 συνεβουλιόιτο,
746 398 800 432 sed
819 399 871 431 ed.
891 399 927 431 Β.
942 408 974 432 1.
992 399 1030 432 R.
1049 402 1274 438 συνεβούλευσε,
1301 411 1332 434 v,
1353 400 1401 434 N.

1538 517 1597 541 ε,.,
1629 491 1679 529 nd

178 540 338 576 Herodt·
360 550 529 585 p.422.e.
550 537 596 574 de
617 536 871 585 Thrasybulo,
900 534 1034 577 ἐκόλουε
1055 545 1144 582 αἰεὶ,
1169 540 1253 581 ὅκως
1273 545 1348 577 τινὰ
1363 540 1425 577 ἴδοι
1444 536 1679 586 τῦνᾶςαχῦωυ

180 588 413 634 ὑπερέχοντα,
441 586 663 623 detruncans
679 587 889 630 identidem,
920 588 984 623 ubi
1009 589 1135 624 Valck.
1163 589 1213 627 N.
1233 600 1292 633 77.
1324 589 1436 626 etiam
1467 601 1511 625 ex
1529 588 1680 628 Aristid.

181 635 286 674 affert
305 635 428 671 Nostri
449 636 647 672 formulam
665 649 735 673 καλ.
753 634 830 677 τούς
851 635 929 678 1522,
960 638 1097 674 Thom.
1122 638 1173 674 M.
1192 651 1227 686 p.
1244 647 1347 684 543...
1372 649 1412 674 at
1429 637 1532 676 Suid.
1546 648 1678 684 2,339.

181 700 214 723 e.
243 682 435 725 κολούει-σή,
476 687 716 731 ἐμποδίζετοω,
735 705 772 713 -
802 685 937 731 ὖβςιςῆν
962 690 1060 731 δῆμον
1089 683 1255 729 κολούειν,
1285 691 1358 724 ἀντὶ
1387 689 1450 725 τοῦ
1478 690 1681 734 ἐμποδίζειν,

181 738 359 772 coercetur
372 759 382 774 ,
411 734 646 780 reprimitur.
667 754 707 760 —
723 732 922 783 insolentem
943 737 1122 781 populum
1140 741 1361 777 coercerem.
1387 735 1436 772 cf.
1460 735 1512 784 sq.
1531 746 1571 773 et
1591 735 1681 774 Hes.
1720 745 1722 747 ’

181 797 217 825 2,
239 794 320 829 303.
343 796 376 819 e.
404 778 546 824 κολούει,
570 803 608 812 -
635 783 776 825 κωλύει,
809 786 976 830 ἐμποδίζει
992 808 1002 823 ,
1037 796 1121 820 cum
1138 785 1185 821 N.
1201 797 1252 820 12.
1273 798 1316 821 ex
1336 785 1450 822 Hom.
1466 784 1526 822 ’1A.
1545 780 1578 826 ὗ,
1600 794 1680 832 370.

181 831 259 880 (ubi
272 832 328 870 CI.
351 844 372 866 e
391 832 517 868 Schol.
535 835 756 878 ἂκέφαλον-
783 829 943 875 noussen.)
964 832 1004 869 it.
1025 845 1060 880 p.
1073 833 1124 880 sq.
1144 845 1230 870 cum
1249 834 1296 870 N.
1312 842 1369 874 ιε.
1396 833 1545 876 „schot
1565 836 1680 872 Hom.

182 878 332 920 κολούει,
360 885 536 922 ταπεινοῖ,
559 884 742 927 ἆφανίξεϋ*
762 891 846 926 403.
868 894 915 916 m.
937 881 985 917 N.
997 895 1031 927 4.
1051 894 1136 917 culn
1148 883 1251 918 Foes.
1269 884 1362 921 Oec.
1380 895 1415 929 p.
1426 894 1550 927 2253·
1572 882 1597 918 Ι.
1613 894 1681 926 ις..

182 928 438 968 emendationi
461 929 522 965 hic
541 941 583 966 ut
601 930 723 967 favere
743 930 939 966 videantur
958 930 1070 966 etiam
1096 931 1269 967 liberiora
1287 931 1329 966 P.
1353 943 1503 978 „neque
1525 934 1681 968 eminere

181 979 393 1028 quempiam
409 985 622 1027 pateretur‘*
647 990 742 1027 quae
767 978 811 1014 ad
838 979 984 1017 sensum
1000 979 1069 1015 fint
1099 980 1192 1016 iilud
1211 979 1340 1015 Schol.
1362 981 1475 1017 Hom.
1492 981 1682 1025 ταπεινοῦν,

181 1041 225 1067 ut
243 1042 300 1074 ap.
318 1030 399 1074 Stp.
428 1028 652 1074 copulantur
677 1025 847 1065 κολούσειν
876 1036 930 1065 καὶ
948 1026 1177 1067 faminiam.
1209 1040 1252 1065 ut
1282 1038 1407 1065 tamen
1423 1029 1466 1065 P.
1488 1039 1683 1076 utcunque

180 1079 296 1116 modo
314 1075 534 1114 sententiam
552 1077 777 1118 reddiderit,
811 1076 902 1114 ficut
923 1078 1025 1114 Suid.
1047 1088 1086 1113 et
1109 1077 1195 1114 Hes.
1216 1080 1392 1125 (quorum
1418 1075 1599 1125 expofitio
1621 1089 1682 1121 me

178 1140 260 1165 non
278 1127 452 1170 moveat,)
472 1138 576 1168 cum,
604 1137 716 1173 tropo
737 1137 906 1169 remoto,
932 1125 993 1165 hic
1010 1138 1093 1162 cum
1113 1139 1185 1163 acc.
1209 1126 1297 1173 peri
1317 1125 1360 1162 fit
1376 1127 1521 1174 potius,
1548 1127 1683 1162 tollere

182 1189 224 1213 ac
242 1188 398 1215 necare,
425 1176 474 1211 ob
496 1175 547 1222 sq.
567 1174 644 1220 ἇςπ.
664 1191 696 1212 τ.
716 1178 785 1213 οὖσ.
807 1186 845 1211 et
863 1186 914 1222 pr.
938 1188 972 1211 v.
992 1180 1150 1217 {anon-v„
1178 1175 1240 1212 ubi
1251 1176 1331 1222 Stp.
1350 1176 1464 1212 modo
1481 1175 1684 1212 notionem

183 1236 288 1262 tenet
308 1227 354 1260 de
377 1223 469 1270 pers.
494 1224 665 1268 ‚2excido‚
688 1244 725 1252 —
745 1225 867 1260 tollere
888 1236 909 1260 e
930 1225 1054 1265 medio,
1077 1243 1117 1250 —
1144 1225 1259 1261 Bud.“
1286 1225 1330 1260 C.
1356 1236 1464 1270 1254,
1481 1236 1542 1269 μ.
1565 1223 1616 1261 cf.
1635 1223 1680 1262 L.

180 1275 230 1312 N.
248 1275 295 1309 T.
316 1273 395 1308 lnd.
417 1274 525 1310 Dem.
549 1274 636 1311 Luc.
656 1285 693 1308 et
709 1273 825 1309 Dion.
846 1273 944 1314 Cas..
975 1272 1038 1311 sed
1057 1272 1103 1309 de
1123 1285 1162 1308 re
1181 1275 1274 1311 Xen.
1295 1275 1409 1322 Cyr..
1434 1273 1505 1309 alio
1533 1284 1581 1314 ue
1601 1272 1683 1308 sen-

179 1324 222 1362 su
241 1322 287 1358 de
308 1321 400 1370 pers.
419 1321 514 1358 Hell.
533 1322 612 1362 M.,
652 1333 694 1358 ut
711 1321 826 1358 fuerit
844 1321 885 1359 in
908 1335 943 1361 v.
962 1334 1033 1359 utr.
1052 1333 1198 1368 tropus,
1234 1323 1278 1359 ab
1309 1333 1384 1367 una
1409 1334 1451 1358 re
1475 1321 1526 1359 du
1563 1333 1624 1361 us.
1661 1333 1682 1357 a

176 1372 315 1420 plantis
336 1370 360 1406 s.
383 1371 592 1409 arboribus..
630 1369 691 1407 sed
709 1385 727 1407 a
749 1371 884 1407 diversa
907 1382 1009 1418 parte
1035 1383 1072 1407 et
1090 1372 1256 1412 afflone,
1288 1383 1374 1408 cum
1394 1383 1415 1406 e
1433 1378 1527 1407 'terra
1549 1369 1683 1416 radici-

178 1434 239 1460 tus
259 1420 484 1461 evelluntur,
511 1431 574 1456 aut
594 1420 633 1456 in
653 1420 823 1456 extremis
842 1432 881 1457 et
898 1420 1146 1467 superioribus
1166 1418 1333 1467 partibus
1353 1417 1533 1460 secantur,
1557 1418 1596 1455 in
1610 1430 1682 1467 qua

178 1469 366 1519 posteriori
389 1481 428 1504 re
448 1467 556 1504 facile
576 1469 614 1505 in
636 1481 801 1506 mentem
821 1469 929 1506 alicui
950 1469 1097 1510 veniat.
1133 1481 1208 1516 quo
1227 1480 1267 1505 et
1285 1471 1370 1505 Sch.
1388 1468 1550 1516 respexit
1577 1468 1616 1504 in
1645 1480 1680 1505 v.

178 1525 246 1558 ἐκκ.
271 1517 450 1561 „videtur
477 1518 632 1553 aliusum
661 1518 704 1553 ad
735 1515 926 1556 confilium
948 1518 1146 1564 Tarquinii
1174 1517 1306 1565 patris,
1343 1516 1444 1565 quod
1465 1515 1542 1554 filio
1564 1515 1684 1558 dedit,

179 1568 329 1605 decuffis
349 1566 478 1602 baculo
499 1566 646 1602 summis
669 1579 889 1613 papaverum
909 1567 1091 1615 capitibus
1112 1565 1244 1608 Livqi,
1270 1571 1353 1611 54.“
1375 1577 1533 1604 tenente
1546 1565 1681 1603 G.Th.

178 1618 222 1655 in
247 1619 312 1665 Bg.
334 1616 500 1658 ,‚excido,
532 1620 697 1659 ἑκτέμνω,
717 1635 754 1642 -
781 1618 842 1664 qui
858 1627 1016 1653 numero
1033 1617 1167 1652 ‘civium
1186 1614 1347 1656 excidit,
1376 1627 1476 1662 quem
1495 1617 1563 1651 rei'.
1589 1613 1682 1662 (fine

179 1666 337 1714 explic„
365 1676 408 1701 ut
431 1674 470 1700 et
490 1664 528 1699 in
547 1666 644 1710 Stp.)
665 1665 834 1707 excindo,
854 1669 1017 1711 ἃναιρὲω,
1044 1662 1206 1705 {adm-w,
1225 1683 1265 1692 -—
1289 1674 1470 1706 evertere,
1494 1664 1681 1705 delere,-

171 1726 314 1764 gentem
334 1714 492 1760 aliquam
503 1713 614 1757 ferro
630 1733 670 1741 -
688 1723 851 1763 amputo..
878 1710 1087 1751 ἂποκὸπτω“
1114 1725 1190 1748 non
1213 1724 1336 1749 autem
1354 1713 1402 1749 de
1420 1712 1534 1759 pers..
1558 1711 1606 1748 cf.
1628 1723 1682 1748 ta-

176 1778 265 1801 men
287 1764 331 1798 ad
353 1763 436 1800 San.
457 1763 563 1798 Cort.
589 1775 622 1809 p.
640 1773 741 1806 1077.
771 1763 842 1799 l.6.
857 1761 1082 1809 fiadversae
1107 1771 1232 1809 partes
1252 1760 1368 1798 essent
1383 1771 1610 1810 amputatae.
1637 1762 1682 1798 it.

174 1814 258 1851 lnd.
281 1814 378 1848 Flor.
399 1825 481 1848 cum
500 1813 623 1847 Amm.
643 1813 691 1848 M.
706 1837 717 1854 ,
755 1822 794 1849 et
814 1812 861 1849 de
888 1824 927 1848 re
945 1823 987 1847 ac
1004 1810 1166 1847 Perenni
1186 1811 1227 1847 in
1252 1810 1348 1846 hanc
1362 1822 1505 1858 partem
1525 1810 1570 1847 ad
1593 1810 1626 1859 §.
1644 1821 1685 1857 4.-

173 1877 224 1900 m.
244 1871 297 1900 xx)
319 1858 389 1899 ὅσοι
408 1873 440 1898 λ.

223 1915 315 1956 αὐτῷ
337 1911 464 1955 συνεβ.)
492 1910 565 1946 Ms.
587 1910 688 1947 αὖτὲν
706 1907 897 1950 confistet,
933 1907 958 1944 fi
979 1908 1142 1946 sumetur
1160 1921 1234 1944 acc.
1263 1921 1346 1946 cum
1376 1908 1446 1948 inf.
1469 1919 1507 1945 et
1524 1921 1559 1944 v.
1577 1915 1679 1954 συμβ.

174 1961 336 1998 ab1olute
359 1958 512 2005 pofitum
526 1984 536 1999 ‚
553 1958 749 2006 suadebat,
779 1972 862 1995 eum
880 1959 1042 1995 excidere
1060 1978 1097 1985 -
1122 1959 1331 2000 eminentes,
1365 1959 1390 1995 s.
1409 1957 1605 1998 suadebat,
1637 1970 1682 1995 ut

174 2011 207 2048 is
225 2010 414 2046 excideret
433 2008 643 2045 eminentes
660 2024 668 2049 5
706 2019 750 2045 ut
769 2020 892 2045 tamen
913 2019 951 2044 et
971 2007 1088 2054 lapsus
1107 2008 1273 2044 incidere
1297 2006 1463 2055 potuerit
1485 2007 1525 2042 in
1544 2022 1578 2045 ον
1596 2017 1634 2042 et
1649 2023 1678 2044 on
1760 2050 1762 2056 ,

175 2060 251 2096 fine
272 2061 372 2097 lota,
417 2070 458 2094 ac
487 2055 651 2093 {imiliter
672 2059 743 2094 Ms.
774 2070 809 2092 ν.
831 2055 925 2092 med.
949 2057 1164 2103 pepererint
1191 2057 1338 2093 litterae
1358 2071 1397 2092 το
1422 2057 1462 2092 in
1482 2055 1532 2102 sq,
1559 2055 1677 2096 artic..
1732 2094 1734 2097 .
1758 2094 1759 2098 Ἰ

175 2108 300 2157 quod,
339 2107 362 2142 fi
381 2106 479 2143 forte
508 2106 654 2144 fluxerit
676 2109 721 2144 ab
743 2106 899 2154 ingenio
919 2106 1082 2148 librarii,
1119 2103 1181 2142 hic
1199 2105 1291 2142 sumi
1313 2105 1444 2142 debeat
1464 2118 1529 2152 pro
1548 2104 1611 2140 ast.
1637 2114 1679 2140 et

173 2159 349 2199 consilium
369 2158 453 2192 dare
473 2157 604 2196 alteri,
637 2169 712 2191 non
742 2155 879 2202 vuigari
910 2155 1091 2195 notione,
1123 2168 1189 2201 pro
1216 2155 1390 2200 confilium
1408 2153 1472 2191 fibi
1492 2163 1612 2201 petere
1630 2153 1680 2190 ab
1754 2195 1756 2206 .

172 2208 310 2255 aliquo.
340 2218 374 2243 v.
396 2204 483 2241 Bud.
507 2206 549 2239 C.
571 2216 677 2246 1041,
702 2217 756 2240 12.
776 2206 852 2250 Stp.
868 2204 962 2241 Th„
989 2204 1052 2239 lib.
1070 2203 1116 2239 de
1138 2204 1183 2241 V.
1213 2204 1310 2240 med.
1341 2217 1375 2250 p.
1395 2215 1450 2250 95.
1467 2217 1515 2240 m.
1544 2214 1623 2247 5²²·
1642 2215 1677 2240 e.
1738 2201 1741 2209 ’

175 2257 254 2294 Iud,
271 2256 364 2292 Xen.
386 2254 476 2297 ’ms-2.
497 2253 551 2289 M.
576 2266 613 2289 et
630 2255 713 2301 Cyr.
729 2253 790 2293 Z..
819 2265 877 2298 ap.
898 2264 994 2298 quos
1015 2252 1107 2289 nihil
1129 2253 1178 2288 est
1199 2255 1245 2290 de
1260 2253 1370 2290 altera
1392 2252 1564 2290 notione.
1586 2263 1679 2288 con-

173 2318 227 2342 tra
247 2317 355 2351 quarn
380 2315 458 2338 non
485 2303 644 2338 omnino
674 2314 861 2349 pugnans,
904 2313 1037 2337 maneo
1060 2314 1183 2338 tamen
1212 2302 1250 2338 in
1277 2302 1358 2339 Ιεξὶ.
1378 2303 1498 2349 vulg..
1532 2299 1676 2338 firmata

171 2354 233 2390 ina
254 2352 365 2389 tacite
385 2353 493 2388 etiam
515 2365 534 2387 a
556 2353 646 2387 Mss.
667 2352 729 2388 rei,
745 2377 754 2392 ,
782 2351 840 2387 sed
857 2350 991 2386 clarius
1015 2364 1033 2386 a
1053 2353 1111 2390 Ρ.;
1137 2350 1304 2388 versante
1324 2352 1362 2387 in
1382 2363 1415 2386 v.
1436 2351 1677 2398 iae'oe.Bg.1eve-

171 2403 267 2443 rius,
297 2415 406 2447 quam
429 2402 468 2436 in
489 2400 564 2447 syn.
583 2400 614 2446 §.
632 2414 640 2435 ι
656 2413 684 2436 1.
701 2400 723 2435 i.
743 2409 808 2437 τῶν
827 2403 944 2444 ‘'Em-2
982 2412 1047 2446 pro
1069 2412 1143 2446 qno
1173 2399 1233 2436 hic
1254 2400 1433 2441 variatur,
1467 2398 1526 2435 sed
1548 2409 1590 2434 ut
1609 2399 1675 2434 ab·
1738 2396 1741 2401 ’

168 2452 292 2488 solute
311 2450 399 2491 stet,
423 2463 502 2485 nun
515 2450 683 2486 universe
703 2448 944 2495 capiendum,
972 2448 1031 2485 scd
1052 2449 1250 2496 praecipuo
1272 2447 1376 2486 sensu
1396 2448 1420 2484 s.
1440 2447 1604 2490 relative,
1632 2457 1674 2484 et

169 2513 252 2537 cum
273 2500 552 2546 supplemento,
587 2512 619 2533 v.
638 2511 667 2533 c.
682 2498 781 2534 inter
804 2510 880 2539 eos,
905 2497 1112 2539 senatox·es;
1140 2499 1205 2545 qui
1224 2497 1347 2534 sensus
1369 2498 1431 2534 hic
1450 2511 1470 2534 e
1488 2496 1578 2533 serie
1590 2509 1674 2532 ora-

168 2549 286 2587 tionis
304 2547 538 2588 manifestus,
573 2558 614 2584 et
632 2546 788 2584 maxime
807 2560 827 2582 e
846 2544 971 2594 §.14.',
995 2548 1094 2583 unde
1117 2559 1258 2594 repetas
1276 2557 1337 2590 τῆς
1356 2554 1499 2593 βουλῆς,
1522 2544 1624 2593 quod
1638 2545 1673 2593 §-

173 2611 229 2635 ιι.
250 2598 271 2634 i.
291 2609 373 2633 cum
392 2606 457 2633 τῶν
475 2601 566 2641 ἐξεχ.
592 2607 691 2635 erat;
726 2608 933 2644 quanquam
953 2607 992 2631 et
1011 2597 1101 2632 licet
1122 2597 1235 2634 modo
1255 2595 1424 2642 supplere
1437 2606 1541 2641 pron.
1561 2597 1672 2632 αὐτῶν

167 2660 189 2684 e
206 2645 239 2693 §.
261 2659 314 2694 pr.
335 2659 382 2682 m.
402 2651 550 2687 πάντας,
577 2645 624 2680 cf.
646 2645 692 2680 de
710 2646 786 2681 Lat.
807 2647 869 2692 Bg.
890 2645 937 2680 ib.
958 2658 978 2680 e
1001 2646 1048 2680 G.
1070 2645 1142 2682 Th.
1163 2657 1247 2681 cum
1259 2645 1321 2681 Gr.
1340 2657 1403 2686 n..
1424 2642 1486 2680 ubi
1500 2644 1580 2689 Stp.
1595 2643 1672 2678 Th.

164 2696 285 2733 utitur
297 2695 428 2731 eodem
444 2695 519 2729 Lat.
540 2706 683 2730 tantum
707 2696 744 2731 in
767 2692 910 2742 phyfica
933 2693 1108 2735 notione,
1134 2707 1214 2730 non
1229 2694 1320 2730 item
1342 2693 1381 2729 in
1401 2690 1556 2739 tropica,
1575 2704 1671 2739 quae

163 2746 225 2783 hic
240 2745 338 2781 valet
352 2770 363 2785 ,
393 2742 439 2779 cf.
461 2743 498 2778 L.
510 2744 566 2780 N.
584 2744 631 2779 T.
651 2755 732 2787 cum
754 2744 841 2780 Krb.
864 2742 952 2779 obs.
975 2755 1009 2790 p.
1024 2752 1159 2791 2822e.
1181 2744 1261 2780 Iud.
1276 2741 1601 2782 Dem.Xen.Heil.
1615 2743 1672 2779 M·
1724 2762 1742 2786 v;

163 2807 200 2831 et
220 2795 260 2831 Z.
283 2794 362 2831 Pol.
381 2804 462 2829 cum
486 2793 571 2840 Cyr.
601 2791 706 2828 Suid.
728 2802 759 2839 3,
782 2803 859 2840 540.
874 2804 905 2828 e.
924 2790 974 2839 sq.
995 2805 1033 2829 et
1052 2792 1136 2829 Hes.
1164 2805 1199 2834 2,
1221 2803 1320 2839 1459.
1339 2791 1363 2828 i.
1421 2791 1483 2828 De
1502 2789 1578 2827 Bas.
1606 2788 1667 2826 ed.

179 489 271 526 call.
295 489 342 524 T.
357 501 388 525 1.
417 501 450 536 p.
473 498 527 534 34.
549 488 582 524 b.
612 489 660 525 N.
672 499 729 532 90.
757 499 795 524 et
821 488 866 524 ad
887 461 1008 525 Ηοιη.
1023 489 1092 528 ὀδ.
1111 480 1250 538 A'‚'339·
1268 489 1349 528 lnd.
1370 491 1465 528 Plut.
1485 492 1563 529 ΚΝ
