1772 3158
116 55 225 116 904‘
546 59 853 107 ExcvRsvs
887 62 970 107 AD
1011 28 1158 111 tmR.
1196 64 1238 113 1.·

259 163 415 204 Claudia
441 167 648 215 praecedit,
682 168 794 208 laeto-
811 171 1049 209 celeberrima
1077 174 1203 214 vultu,

312 216 462 253 Credita
494 218 553 253 vix
585 217 735 254 tandem
764 220 854 256 teste
887 222 1017 265 pudica
1050 222 1138 258 dea.v

124 273 210 315 345.
258 265 336 312 Ipsa
359 264 491 302 sedens
520 266 677 312 plaustro
711 280 816 314 porta
844 268 894 304 est
921 269 1064 307 investa
1084 273 1247 317 Capena.

308 315 539 362 Sparguntur
566 315 709 352 ianuae
734 316 827 353 flore
855 329 1008 354 recente
1032 320 1162 355 boves.

260 362 385 400 Nasica
418 362 573 410 aceepit.
623 364 776 412 Templi
806 376 898 402 tunc
927 368 1053 403 extitit
1078 368 1214 407 austor.

310 412 497 460 Augustus
527 425 630 449 nunc
655 414 717 449 est.
773 416 875 450 Ante
904 416 1081 453 Metellus
1109 428 1199 453 erat.

352 479 390 489 -ι
511 481 550 489 --
670 481 709 490 --
829 482 869 489 —-
999 484 1036 492 —
1134 480 1176 496 -σ

128 513 213 562 361.
264 510 340 547 Cur
367 508 480 557 igitur
507 509 656 551 Gallos,
691 510 754 566 qui
783 511 817 548 se
845 512 1035 555 excidere,
1070 525 1260 556 vocamus,

318 559 414 595 Cum
443 570 548 595 tanto
579 559 735 609 Phrygia
765 561 904 600 Gallica
935 561 1043 598 distet
1068 563 1228 599 humus?

262 608 388 647 Inter,
424 607 499 650 ait„
532 607 687 645 viridem
717 610 884 657 Cybelen
911 612 1079 659 altasque
1101 613 1282 649 Celaenas

312 655 444 694 Amnis
469 654 500 692 it
529 654 674 699 insana,
709 658 864 695 nomine
888 659 1038 701 Gallus,
1072 672 1175 708 aqua.

132 708 218 755 365.
265 705 342 752 Qi
368 703 462 741 bibit
486 704 596 746 inde,
638 706 743 743 furit.

475 792 480 799 ¹
516 754 564 789 Ex
589 754 669 790 Silii
693 757 770 792 Ital.
791 757 884 792 Pun¹
908 757 930 793 l.
949 769 1002 800 17.
1027 755 1051 792 i.

266 801 392 839 Hostis
424 813 466 839 ut
490 803 666 840 Ausoniis
694 803 896 842 discederet
923 805 1061 841 advena
1090 802 1214 848 terris,
1270 842 1273 844 ,

266 850 454 889 Fatidicae
483 851 638 890 fuerant
664 853 809 890 oracula
837 854 949 901 prisca
982 854 1153 901 Sibyllae,

271 902 476 937 Cocli-:olum
503 901 656 949 Phrygia
679 905 895 950 genetricem
929 902 1010 939 sede
1040 902 1195 949 petitam

270 951 572 988 Laomedonteae
601 951 801 987 sacrandam
832 953 1029 988 moenibus
1061 950 1175 991 urbis,

158 1011 193 1046 ς.
271 998 476 1035 Αάνεξὶιιτη
506 999 690 1043 exciperet
717 1013 879 1042 numen,
921 1001 1007 1048 qui,
1041 1000 1153 1036 lectus
1180 1000 1223 1038 ab
1252 999 1360 1036 omni

270 1047 449 1086 Concilio,
477 1048 647 1089 l'atrum,
684 1050 882 1095 praesentis
907 1050 1060 1097 degeret
1085 1049 1168 1085 aevi

274 1098 463 1142 Optimus,
516 1098 600 1134 Heu
628 1110 766 1135 nornen
789 1099 920 1135 melius
951 1099 1143 1144 maiusque
1174 1095 1399 1144 triumphis!

270 1147 423 1194 Iamque
455 1145 571 1193 petita
597 1145 742 1189 aderat,
777 1148 877 1184 Latia
909 1157 1080 1194 portante
1110 1147 1278 1193 Cybelen

274 1196 424 1240 Puppe,
459 1207 570 1240 atque
597 1196 828 1243 intrepidus,
859 1208 993 1245 magno
1019 1197 1176 1232 cedente
1204 1195 1348 1238 senatu,

163 1253 218 1282 Σο.
272 1244 416 1281 Obvius
448 1243 573 1281 accitis
603 1248 822 1292 properabat
846 1245 974 1292 Scipio
1001 1244 1121 1282 sacris.

275 1342 386 1385 Isque
412 1342 474 1377 ubi
507 1342 716 1391 longinquo
748 1343 937 1380 venientia
965 1343 1120 1378 numina
1142 1351 1265 1387 ponto

278 1390 438 1435 Accepit
463 1389 613 1436 supplex
644 1391 796 1435 palmis.
843 1392 1032 1437 Tun-ique
1061 1391 1192 1426 sonora

167 1446 225 1484 ις,
277 1438 480 1485 Thybridis
506 1440 656 1477 adducit
675 1440 838 1476 sublimis
863 1441 907 1477 ad
935 1440 1021 1476 ostia
1054 1439 1229 1487 puppim:

273 1487 471 1524 Femineae
500 1498 581 1524 tum
612 1489 749 1525 deinde
770 1501 899 1525 manus
926 1488 1089 1529 subiere,
1125 1500 1189 1535 per
1215 1498 1366 1527 amnem

277 1537 382 1577 Quae
410 1536 598 1573 traherent
621 1538 750 1578 celsam
779 1537 941 1584 religatis
967 1536 1119 1572 funibus
1147 1537 1288 1576 alnum.

275 1585 428 1621 Circum
450 1596 576 1633 arguta
605 1586 703 1622 cavis
724 1585 927 1624 tinnitibus
954 1598 1058 1627 aera,
1089 1584 1270 1630 fimulque

275 1634 476 1669 Certabant
502 1646 614 1671 rauco
635 1634 840 1671 resonantia
868 1645 1043 1681 tympana
1074 1632 1191 1680 pulsu.

165 1691 225 1720 20.
276 1681 523 1729 Semivir-ique
553 1684 680 1723 chori,
716 1684 866 1732 gemino
899 1685 962 1731 qui
994 1682 1183 1729 Dindyma
1212 1692 1345 1719 monte

276 1729 377 1767 Casta
405 1731 562 1774 colunt,
605 1732 671 1780 qui
699 1732 852 1769 Diftaeo
883 1733 1104 1768 bacchantur
1129 1731 1169 1768 in
1196 1741 1320 1772 antro,

274 1779 429 1826 Quique
456 1780 558 1816 Idaea
589 1781 677 1827 iugo
705 1794 744 1818 et
768 1782 870 1817 lucos
897 1793 1036 1818 novere
1061 1779 1220 1816 mentes.

276 1829 359 1864 Hos
386 1829 486 1864 inter
511 1829 683 1867 fremitus
711 1843 751 1868 ac
775 1831 874 1866 laeto
903 1842 986 1866 vota
1015 1829 1194 1870 tumultu,

275 1875 444 1914 Substitit
474 1878 637 1915 adduffis
665 1891 827 1916 renuens
855 1882 1054 1917 nrocedere
1082 1877 1217 1915 vinclis

164 1936 227 1973 35.
277 1928 383 1962 Sacra
409 1927 515 1976 ratis,
549 1927 755 1974 subitisque
783 1928 882 1965 vadis
914 1927 1116 1964 immobilis
1142 1924 1266 1963 haesit.

275 1976 376 2012 Tum
407 1988 530 2023 puppe
555 1989 577 2014 e
605 1976 731 2013 medio
763 1989 898 2024 magno
925 1975 1294 2018 clamore-sacerdos,

277 2024 417 2061 Parcite
447 2024 602 2072 pollutis
629 2026 850 2074 contingere
876 2026 1024 2062 vincula
1053 2024 1196 2072 palmis,

278 2073 326 2109 Et
353 2075 481 2120 procul
509 2075 617 2116 hinc,
653 2086 812 2115 menen,
851 2073 981 2120 procul
1002 2075 1111 2114 hinc,
1147 2083 1393 2122 quaecunque
1410 2072 1604 2124 profanae,

279 2122 388 2158 Ferte
417 2122 568 2170 gradus.
603 2136 673 2159 nec
702 2136 768 2159 vos
795 2123 889 2159 casto
920 2123 1068 2160 miscete
1089 2122 1218 2163 labori,

167 2179 229 2220 30.
275 2170 374 2206 Dum
398 2170 482 2209 satis
507 2172 556 2208 est
585 2171 767 2209 monuisse
790 2174 900 2208 Deae.
955 2172 1068 2213 Quod
1098 2170 1120 2206 s·
1144 2183 1213 2218 qua
1237 2171 1372 2217 pudica

279 2219 413 2256 Mente
440 2221 559 2261 valet.
597 2221 621 2257 fi
650 2234 721 2268 qua
751 2219 858 2256 illaeli
882 2220 944 2257 fibi
968 2220 1135 2266 corporis
1163 2218 1250 2256 astat

281 2267 458 2305 Conscia:
502 2270 561 2307 vel
590 2270 666 2309 sola
693 2268 819 2307 subeat
847 2270 905 2317 pia
937 2281 1088 2306 munera
1119 2269 1257 2306 dextra.

144 2363 446 2413 prominentibus
462 2367 712 2411 inaequalem3
740 2367 839 2403 unde
852 2378 1002 2415 magnes
1015 2379 1099 2403 vere
1110 2366 1284 2403 creditus.
1339 2366 1657 2415 Prudent.hym11‚

148 2425 206 2450 10.
233 2415 386 2451 Roman.
406 2416 557 2453 Paffion.
578 2428 608 2450 v,
629 2420 706 2459 156.
759 2417 868 2465 Lapis
886 2415 1047 2465 nigellus
1066 2415 1283 2452 evehendus
1303 2415 1446 2458 essedo,
1480 2417 1656 2455 Mulieris

145 2463 221 2500 oris
243 2463 364 2501 clusus
385 2476 539 2511 argento
560 2465 682 2508 sedet,
716 2464 781 2501 rel,

143 2561 156 2599 ¹
241 2523 374 2559 V·347-
401 2513 541 2607 gagieta)
564 2515 609 2551 A.
626 2515 671 2552 ab
693 2515 738 2551 U.
758 2514 968 2552 C.DXL1X
989 2514 1065 2551 [ἰν.
1089 2512 1183 2559 l.29.
1207 2513 1403 2561 Legendus
1422 2512 1472 2551 est
1483 2525 1521 2552 et
1534 2513 1658 2552 Valer-

160 2587 169 2596 .
186 2572 243 2598 ιι.
271 2574 304 2598 c.
325 2574 373 2606 ις.
432 2575 464 2598 ιο
488 2590 496 2599 .

235 2623 269 2646 v.
294 2615 374 2656 361.
402 2613 476 2660 Qri
499 2611 535 2647 se
557 2610 694 2657 excid.)
719 2612 751 2648 A
774 2603 910 2653 Gallo,
949 2612 1126 2659 Phrygiae
1147 2610 1311 2648 flumine.
1361 2610 1502 2649 Anao:
1523 2609 1656 2660 Steph.

141 2671 182 2700 et
193 2660 347 2700 Herodi·
368 2661 396 2699 ⁷1.
417 2673 446 2699 ι.
469 2664 503 2700 ἐν
522 2665 558 2702 δὲ
572 2681 610 2692 -·
624 2662 857 2704 Πεσσινοῦντι,
877 2678 915 2692 -
941 2660 1180 2708 πκςοιρᾇσντι,
1197 2678 1237 2693 v·-
1255 2666 1436 2707 ἱεςωμένοι.
