1772 3158
95 164 325 216 LIBERI.
365 169 622 214 CARXIV.
660 167 716 213 A.
737 167 799 214 V:
818 166 865 211 C.
896 177 1019 223 945.
1060 167 1198 213 CHR.
1219 165 1278 214 N.
1304 179 1420 224 192.
1462 167 1566 224 627

229 282 243 302 l
453 284 462 298 2
504 281 513 299 l
557 280 580 317 b
684 281 694 299 N
733 281 743 295 ἕ
786 282 797 298 2
1000 287 1009 295 n
1046 286 1054 295 ο
1559 296 1562 303 ,

60 291 383 349 καταγελαςον
404 303 535 332 αυτ-ον
581 323 592 342 ,
621 302 696 330 και
719 288 786 346 υφ
832 286 891 334 set
920 285 1209 343 deridicimis,
1249 287 1354 333 dum
1378 305 1470 336 uno
1491 288 1572 336 ha-

62 361 118 411 ἐνὶ
147 370 151 372 ’
173 357 379 425 σχήματι
429 358 615 415 θηλειῶν
659 366 797 406 πολυ-
832 362 925 410 bitu
988 362 1250 409 feminarum
1315 363 1468 411 luxum
1529 374 1573 412 et

155 453 196 500 b)
221 452 359 487 Mssssa.
378 460 412 483 et
429 450 483 486 vi.
503 450 590 482 αὖτδν
605 448 654 488 ὕφ’
674 451 716 482 ἐν)
732 451 888 488 extinxi-i,
913 453 964 483 καὶ
978 453 1102 486 θηλειῶν
1117 458 1186 484 πολ,
1205 458 1238 483 Α.
1265 460 1299 483 v.
1318 451 1367 485 N.

63 535 109 582 τῇ
125 538 248 573 ἐκείνου
263 533 372 579 σορῷ,
409 530 458 567 cf.
482 542 514 574 ς,
536 542 570 574 4,
594 539 648 576 ¹3·
678 528 724 567 de
740 529 912 566 Macrino
940 530 980 567 in
1006 530 1112 579 fuga,
1148 530 1211 579 qui
1233 530 1287 567 dr.
1308 530 1503 583 ἂποξρίψας
1529 532 1572 571 τὸ

64 579 274 632 χλαμύδιον,
308 590 455 617 retenta
483 591 607 615 tamen
631 589 738 626 toga,
775 579 883 626 super
911 591 1019 628 quam
1050 580 1174 616 induit
1194 579 1295 616 timul
1318 579 1417 628 §.1q.
1439 585 1572 624 ἐσθῆτα

62 629 293 677 ὁδοιπορικὴν,
321 628 418 677 pallii
438 641 554 678 genus
575 627 725 675 aliquod
746 639 785 665 et
804 628 935 675 ipsum.
983 631 1217 677 Qanquam,
1242 631 1344 676 quod
1365 631 1497 666 Noster
1517 631 1574 666 di-

62 681 139 722 cit.
165 678 361 716 ridiculum
381 677 632 714 Commodum
655 677 724 713 ess'e
742 676 878 714 fastum
900 678 1046 721 vestitu,
1070 691 1147 714 non
1167 677 1203 714 id
1224 678 1323 714 forte
1342 680 1507 726 pertinet
1527 681 1574 716 ad

61 729 219 778 fingulas
239 727 352 764 vestes
375 739 574 775 purpureas
595 738 759 773 auroque
783 726 989 769 distinftas,
1015 728 1077 765 sed
1101 738 1245 763 tantum
1268 741 1334 770 eo,
1362 729 1462 776 quod
1485 730 1576 766 tales

62 778 167 817 fimul
188 789 274 812 cum
293 775 444 812 leonina
467 775 633 824 gess'erit‚
661 775 710 811 cf.
731 773 830 824 sqq.‚
855 786 895 813 et
915 776 957 811 ad
979 777 1094 813 Dion.
1115 778 1155 812 C.
1182 790 1215 823 p.
1234 787 1357 818 1218„
1392 790 1474 814 cum
1494 779 1577 815 No-

62 826 125 865 stri
143 827 247 862 locus
268 825 434 862 laudatus
455 827 554 866 esset,
581 825 747 861 additum
775 825 932 865 „sericas
951 837 1073 862 tamen
1097 825 1441 876 pariterinteliige“
1471 827 1576 876 quod

60 876 176 916 etiam
197 874 415 912 muliebrem
436 873 557 910 firmat
578 874 707 911 luxum
721 900 730 916 ,
753 874 814 909 hic
833 887 851 909 a
873 875 1009 912 Nostro
1033 875 1169 911 tastum
1183 900 1193 916 ,
1222 887 1263 911 ut
1278 875 1315 911 in
1330 875 1574 925 Heliogabalo

66 939 101 973 5,
124 937 158 970 ς,
179 933 212 966 8.
228 949 239 965 ,
265 936 304 960 et
329 923 375 960 de
396 925 608 960 Commodo
629 935 686 970 ap.
704 924 849 970 Lampr.
873 938 908 972 p.
921 936 1001 968 509.
1015 937 1046 960 e.
1068 925 1124 959 ita
1139 950 1150 966 ,
1174 934 1214 959 ut
1232 925 1305 960 eius
1325 935 1494 962 tumorem
1508 936 1576 975 per

63 975 196 1014 sericas
213 973 324 1021 vestes
346 973 508 1021 populus
529 973 624 1008 Rom.
643 971 870 1021 agnda-eren
896 973 940 1008 ad
962 985 1055 1020 quae
1072 973 1149 1010 Cas.
1168 974 1216 1009 N.
1231 986 1263 1015 7.
1286 975 1319 1009 b.
1335 987 1366 1010 e.
1393 976 1502 1015 „Dio
1524 986 1578 1012 ta..

63 1036 152 1062 men
173 1034 211 1058 et
233 1022 506 1058 dalmaticatum
528 1033 566 1058 et
586 1020 781 1058 sericatum
800 1020 906 1057 fuisse
927 1021 1042 1058 visum
1067 1022 1207 1064 scribit,
1250 1034 1328 1058 non
1353 1024 1389 1059 in
1410 1024 1579 1072 publico,

62 1073 127 1112 sed
157 1069 259 1107 domi
286 1083 304 1107 a
326 1069 590 1112 salutantibus,
633 1075 764 1108 ἐνέδυσε
784 1090 824 1097 -
841 1079 971 1116 χιτῶνα
996 1069 1210 1117 χειριδωτδν,
1253 1072 1406 1116 σηρικὰ,
1445 1073 1577 1115 λευκὼ,

65 1126 277 1168 &rexque-ow
304 1120 353 1157 cf.
372 1118 485 1168 xiph.
500 1129 582 1166 382,
601 1133 631 1156 2.
662 1131 693 1163 ς.
715 1119 814 1167 sqq.‚
841 1131 916 1166 quo
937 1130 975 1155 et
994 1117 1143 1166 respicit
1163 1121 1298 1155 Ferrar.
1322 1121 1368 1157 de
1388 1135 1425 1158 re
1437 1123 1521 1157 vest.
1535 1123 1578 1160 in

65 1173 203 1209 Graev.
224 1169 299 1205 Th.
325 1170 420 1206 T.6.
444 1173 572 1216 p.86r.
596 1170 636 1205 C.
683 1168 751 1208 „Si
773 1179 861 1216 ergo
879 1168 1147 1215 imperatorum
1172 1169 1276 1204 Rom,
1304 1171 1468 1218 chlamys
1494 1183 1581 1217 pur-

64 1232 182 1269 putea
208 1217 299 1254 fuit:
337 1230 400 1255 cur
419 1218 516 1259 Dio,
545 1217 744 1254 Commodi
766 1217 932 1254 habitum
951 1228 1106 1259 notans,
1141 1216 1214 1259 ait,
1236 1217 1359 1265 ipsum
1380 1218 1578 1268 ingressum

67 1268 138 1306 effe
164 1268 348 1305 theatrum
381 1279 563 1315 purpurea
591 1266 719 1302 tunica
749 1266 925 1303 indutum
953 1278 1040 1302 auro
1065 1264 1245 1313 inspersa,
1291 1279 1440 1314 accepta
1470 1268 1580 1307 fimili

62 1316 261 1364 chlamyde
273 1329 376 1358 more
397 1317 568 1352 Graeco?
595 1313 713 1356 εἷο-κᾶν,
733 1323 863 1360 χιτῶνα
885 1312 1114 1362 ὅλοπόςφυςσν
1129 1318 1250 1362 χρυσῷ
1267 1322 1477 1361 ›caran-arou,
1490 1331 1580 1364 χλιιι·

64 1363 156 1415 μᾶδα
174 1372 214 1404 τὲ
234 1365 347 1411 ὅμοίαν
368 1364 426 1403 τδν
444 1363 630 1408 Ἑλληνικὸν
648 1361 771 1411 τρέπειν
790 1369 978 1412 λαμβάνων.
1026 1365 1182 1401 Herodi.
1201 1366 1223 1400 l.
1245 1379 1273 1402 1.
1297 1366 1395 1402 idem
1416 1381 1582 1411 narrans,

65 1423 154 1463 ἆμφ.
175 1415 230 1453 ᾰΛ.
250 1434 289 1442 -
305 1417 379 1454 ἔσθ.
403 1427 436 1452 Α.
496 1415 587 1452 Non
612 1425 700 1461 ergo
729 1414 894 1462 chlamys
926 1426 1132 1461 purpurea,
1167 1413 1229 1451 sed
1258 1413 1386 1452 tunica
1414 1417 1581 1468 chlamys

66 1478 143 1515 que
164 1464 277 1501 serica
298 1476 484 1512 purpurea
497 1476 586 1500 auro
608 1463 765 1510 inspersa
786 1464 811 1499 s.
825 1462 1006 1511 variegata
1021 1465 1159 1512 probro
1178 1464 1257 1501 dara
1271 1464 1332 1502 est.
1389 1468 1468 1503 Hae
1481 1470 1582 1503 chla-

65 1514 197 1564 mydes
217 1513 463 1550 Graecanicae
481 1512 598 1549 dif'tae
616 1532 654 1539 --
671 1525 761 1549 auro
782 1512 1010 1550 distinC‘iae.“
1073 1513 1101 1549 E
1122 1525 1198 1561 quo
1219 1514 1329 1561 xiph.
1358 1515 1442 1550 loto
1472 1509 1582 1562 postr.

64 1559 192 1609 noster
211 1562 272 1598 hic
290 1562 446 1610 accipiat
465 1563 609 1605 lucem,
651 1574 730 1599 tum
751 1562 854 1610 quod
874 1570 1004 1608 χιτῶνα
1026 1575 1226 1605 memorat,
1250 1563 1311 1600 led
1331 1574 1369 1600 et
1381 1563 1585 1611 limulxlssoe.

65 1612 180 1660 μῦδαι,
207 1612 324 1658 (unde
347 1621 451 1659 patet
469 1611 655 1649 sententia
679 1611 797 1646 nostra
815 1611 982 1660 superior
1005 1612 1051 1648 de
1072 1613 1146 1649 ἔσθ.
1167 1625 1234 1658 pro
1255 1623 1354 1661 toga.
1382 1626 1475 1662 quae
1496 1627 1585 1663 pro-

66 1662 148 1711 prie
165 1660 269 1706 χιτῶν
287 1660 359 1705 dr.)
378 1671 459 1696 tum
480 1661 583 1708 quod
603 1655 834 1706 ὅλοπόςφυρον
853 1660 975 1707 potest
995 1661 1106 1697 etiam
1120 1662 1191 1697 h.1.
1216 1662 1322 1698 innui
1344 1675 1408 1709 per
1427 1663 1583 1711 ἇλουςγ..

69 1717 132 1757 (ut
153 1720 241 1758 toga
262 1719 342 1746 tota
360 1707 477 1745 fuerit
495 1708 632 1746 infefta
655 1720 811 1756 purpura
825 1732 835 1749 ,
861 1721 932 1745 nec
948 1710 1050 1750 alba,
1074 1720 1112 1745 et
1132 1721 1277 1746 tantum
1300 1711 1336 1746 in
1357 1725 1419 1749 ora
1440 1711 1583 1752 fimbria

68 1771 143 1809 que
165 1754 365 1805 purpuram
397 1767 624 1805 praetextam
649 1758 811 1799 habens;
847 1757 886 1794 in
917 1769 1026 1805 quam
1059 1757 1168 1806 pol’tr.
1196 1759 1397 1796 notionem
1425 1761 1587 1802 inclinat

69 1808 231 1847 maxime
253 1806 366 1844 Weff.
387 1806 408 1842 l.
429 1807 472 1851 l.)
495 1806 658 1854 denique
677 1806 779 1854 quod
801 1809 923 1853 χρυσῷ
949 1813 1164 1850 ›carcia-mou,
1203 1808 1293 1846 ficut
1311 1821 1348 1845 et
1366 1822 1419 1857 pr.
1444 1809 1491 1847 ib.
1514 1816 1586 1850 διιέ-

70 1872 220 1904 mue-ov,
248 1856 412 1904 pertinet
433 1855 477 1890 ad
499 1855 660 1893 nostrum
682 1871 810 1902 xpum,
845 1857 908 1893 ubi
927 1857 1006 1903 Stp.
1027 1856 1097 1892 Th.
1115 1856 1261 1894 aliunde
1282 1858 1392 1894 habet
1411 1861 1474 1908 Bg.
1489 1885 1500 1902 ,
1535 1862 1585 1900 cf.

23 1933 27 1936 ,
68 1905 187 1944 Diod.
210 1906 247 1941 S.
274 1909 398 1950 1‚3(»7.
421 1904 444 1939 l.
460 1916 516 1949 ²9·
535 1910 658 1951 μίτραις
676 1925 714 1932 —-
729 1909 947 1952 χρυσοϋφεῖς,
972 1906 1098 1943 mitras
1117 1919 1163 1942 ex
1181 1919 1271 1943 auro
1291 1918 1498 1951 contextas,
1524 1910 1586 1949 cui

71 1968 138 2006 par
159 1951 384 2001 χρυσόταςσς
407 1964 447 1989 et
462 1955 580 2001 χρυσῷ
601 1961 821 1996 κατάτικτος,
849 1956 906 1991 cui
928 1954 1068 1991 intexta
1090 1966 1202 1991 acuve
1224 1956 1317 2002 pifia
1338 1955 1456 2006 ligna,
1492 1958 1586 2010 figu-

69 2018 151 2047 rae,
188 2004 278 2040 clavi
299 2015 343 2039 ex
364 2001 434 2038 filis
453 2004 595 2043 aureis,
626 2003 673 2039 cf.
690 2004 799 2041 Saim.
820 2003 863 2040 ad
886 2006 1028 2050 Lampr.
1048 2006 1094 2041 Τ.
1111 2017 1141 2040 ι.
1161 2015 1288 2052 p.978.
1312 2006 1344 2042 b.
1365 2020 1397 2042 e.
1413 2031 1423 2049 ,
1461 2010 1524 2045 ubi
1547 2021 1587 2048 et

70 2065 229 2100 uterque
251 2053 363 2099 Xiph.
384 2052 488 2089 locus
510 2052 736 2100 explicatur,
765 2052 825 2089 sed
849 2053 958 2090 aliter
975 2057 1088 2101 διαχρ.
1104 2079 1114 2095 ,
1142 2067 1217 2102 quo
1238 2055 1275 2091 in
1296 2068 1329 2090 v.
1349 2068 1472 2093 tamen
1494 2071 1527 2094 v.
1543 2059 1583 2097 L.

69 2103 184 2144 Exn„
210 2101 257 2139 cf.
271 2099 448 2137 Dion.H.
461 2103 497 2137 S.
512 2102 558 2137 T.
575 2114 607 2138 ι.
624 2107 706 2144 268,
725 2107 782 2138 26.
805 2107 866 2144 τὰς
882 2101 1062 2148 chaumes}
1083 2102 1136 2146 xcv)
1164 2101 1403 2149 χρυσοσιῖμσυς
1428 2106 1588 2153 &pavi-⁵955.

70 2166 131 2195 vag
145 2175 156 2193 ,
188 2162 386 2199 purpureas
405 2163 494 2186 auro
511 2151 728 2190 intertextas
748 2153 915 2193 trabeas,
950 2163 1111 2199 quorum
1133 2154 1293 2199 primum
1320 2156 1386 2191 Gr.
1404 2156 1516 2193 etiam
1536 2157 1587 2195 est

71 2213 129 2248 ap.
152 2201 198 2236 G.
221 2200 294 2235 Th.
318 2198 356 2236 in
377 2201 460 2249 Eg„
493 2211 537 2237 ut
555 2201 603 2247 sq.
623 2216 750 2246 κκτιιγ.
771 2211 942 2250 quoque,
977 2200 1027 2236 cs.
1055 2214 1085 2242 x,
1107 2211 1138 2247 3,
1163 2214 1195 2246 9.
1212 2217 1240 2240 e.
1256 2227 1268 2245 ,
1303 2215 1379 2252 quo
1409 2204 1448 2241 in
1471 2219 1588 2244 mem-

71 2251 140 2288 bro
160 2251 224 2298 ssg.
242 2247 385 2285 omittit
405 2262 511 2297 pron.
531 2253 608 2287 αὐτ.
631 2253 767 2288 iterum
782 2277 792 2293 ‚
828 2261 867 2286 ut
889 2251 927 2289 P.
948 2249 1106 2286 nimium
1126 2252 1212 2288 abit.
1518 2268 1519 2272 ¹

123 2299 178 2341 καὶ
197 2297 272 2344 ὄψ’)
298 2298 367 2334 Pro
386 2298 441 2339 καὶ
463 2300 584 2347 aptius
602 2301 699 2349 leges
721 2299 807 2341 ἅτε,
835 2301 945 2336 velut.
996 2299 1072 2337 Nili
1092 2299 1193 2337 forte
1214 2301 1332 2339 deess'e
1349 2301 1491 2350 aliquid
1506 2304 1586 2343 exi-

1 2363 5 2378 ·
69 2347 293 2386 stimandum
313 2346 372 2383 est.
391 2347 481 2395 Sylb.
519 2348 573 2392 καὶ
594 2349 882 2386 convenientius
902 2349 1008 2385 staret
1027 2362 1128 2395 pone
1140 2348 1306 2395 σχήματι.
1332 2351 1449 2390 Reisk.

171 2399 297 2444 Qem
317 2395 487 2433 ordinem
506 2410 545 2435 et
564 2399 654 2434 Mss.
674 2401 872 2446 praebent;
909 2398 1008 2435 unde
1038 2400 1197 2435 membra
1226 2401 1384 2438 existunt
1411 2402 1527 2451 magis
1547 2416 1588 2443 et

46 2480 51 2484 ,
71 2447 240 2496 aequalia
263 2458 302 2483 et
331 2444 515 2487 distinfta,
550 2447 604 2489 καῖ
622 2449 702 2491 981³·
721 2461 796 2486 πολ.
814 2468 852 2475 -
873 2447 927 2491 καὶ
948 2447 998 2494 οἷς.
1018 2454 1093 2492 ‘'675-
1109 2473 1120 2489 .
1157 2447 1218 2485 ubi
1246 2450 1483 2498 participium
1513 2468 1586 2499 μιμ.

71 2495 209 2534 resolvi
232 2495 321 2532 licet
341 2507 404 2541 per
425 2496 642 2542 particulam
662 2497 787 2535 causae
805 2499 827 2536 s.
851 2497 977 2538 modi,
1018 2511 1052 2532 v.
1073 2509 1105 2533 c.
1125 2507 1267 2546 utpote,
1302 2499 1464 2548 quippo·
1490 2503 1586 2546 dum,

0 2563 10 2576 ιι
71 2557 227 2593 quarum
248 2544 406 2581 mediam
424 2543 558 2582 diserte
578 2546 692 2583 refert
713 2547 773 2589 P..
809 2547 868 2583 vel
888 2547 1002 2583 libere
1021 2545 1205 2587 additam.
1246 2549 1444 2587 nobiscum
1473 2552 1586 2588 resol-

9 2620 10 2625 ,
72 2594 198 2632 vendo
229 2593 485 2641 participium,
519 2595 577 2631 vel
601 2595 739 2631 habens
768 2610 835 2641 pro
861 2595 915 2641 καὶ
945 2597 1043 2644 vulg.
1072 2595 1162 2633 istud
1183 2597 1244 2633 Sb.
1272 2594 1356 2639 ἅτε,
1392 2611 1456 2636 aut
1475 2601 1585 2638 affine

74 2643 179 2694 quod
199 2643 318 2683 aliud,
352 2648 395 2686 ὡς
420 2642 444 2679 s.
464 2641 529 2685 οἵα,
555 2656 649 2690 quae
668 2645 792 2681 omnia
812 2645 897 2681 sane
918 2657 996 2681 non
1015 2647 1126 2693 longe
1146 2645 1344 2684 discedunt
1363 2647 1504 2698 afigura
1523 2650 1586 2687 lit·

0 2704 14 2714 ·’
72 2703 236 2730 terarum
257 2691 393 2741 vulgati
413 2692 488 2736 uzi,
513 2692 617 2740 saepe
639 2694 787 2743 suspecti
809 2697 855 2732 de
878 2695 1029 2735 mendo,
1057 2695 1168 2731 ctiam
1189 2697 1378 2743 ap.Nostr.
1425 2699 1497 2736 sed
1509 2701 1586 2748 Bg..

0 2750 16 2769 ¹*
74 2739 214 2778 etalibi
229 2740 284 2784 aaa>
303 2742 462 2780 reddens
484 2741 548 2779 suo
560 2744 662 2786 Lat..
689 2757 903 2793 quanquam
926 2744 964 2780 in
980 2743 1050 2779 alia
1070 2743 1195 2785 causa.
1225 2755 1255 2790 3,
1277 2757 1312 2789 7,
1338 2758 1392 2791 19,
1409 2747 1461 2789 5..
1491 2749 1583 2785 ouid

0 2800 9 2823 ι
74 2789 113 2829 h.
131 2790 156 2827 Ι.
175 2789 330 2836 fecerit,
365 2803 445 2830 non
471 2802 575 2830 certo
607 2791 748 2835 dicam,
791 2790 908 2843 magis
934 2803 1086 2837 tamen,
1116 2793 1301 2833 resolviffe
1329 2785 1581 2846 participium.
