1798 3137
197 155 296 187 κεν
740 139 1176 185 PRAEFATIO.

1600 211 1605 213 r
1661 207 1701 223 ..Ἰ

195 267 291 297 non
311 246 548 303 sufficiens,
581 259 732 295 tamen
755 250 1024 295 excusabitur
1048 245 1320 306 necestitate,
1365 260 1409 295 et
1427 248 1588 297 sciendi
1618 253 1702 298 avi-

197 317 278 364 dos
302 317 450 377 adiget
469 315 520 361 ad
546 315 681 363 libros
701 318 818 380 ipsos
842 316 1147 378 inspiciendos.

333 388 535 446 Cumque
554 400 645 438 res,
681 385 954 446 pertinentes
987 381 1039 426 ad
1059 385 1273 428 Romanas
1301 384 1489 429 maxime
1508 384 1698 447 Antiqui-

193 462 308 500 tates
332 453 474 496 omnis
497 453 693 510 generis,
726 453 771 494 in
792 448 944 495 Nostri
975 447 1183 496 historico
1214 466 1351 513 opere
1378 450 1693 514 saepenumero

188 521 538 578 attingerentur:
575 519 703 563 etiam
727 517 827 561 huic
846 516 1052 579 prospexi
1073 519 1182 578 parti
1203 515 1280 571 fic,
1315 528 1366 563 ut
1387 520 1562 564 Curiam
1590 535 1692 581 pro·

190 584 334 634 setius
357 587 542 630 vicinam
562 587 609 630 in
629 584 806 638 urbem,
834 583 885 628 ad
907 586 1202 644 Longolium,
1243 596 1340 631 tum
1368 586 1512 631 adhuc
1544 588 1695 632 viven-

187 665 306 707 tem,
344 652 585 714 sedensque
605 650 664 695 ibi
684 666 765 711 per
783 649 872 695 dies
900 652 1084 713 aliquot,
1129 669 1154 696 e
1183 651 1414 699 Thesauro
1444 655 1693 702 Graeviano

192 718 477 779 exfignarem,
512 735 622 780 quae
641 717 693 762 ad
713 717 1001 778 intelligenda
1012 718 1167 765 Nostri
1187 721 1285 765 loca
1305 720 1517 783 quaedam
1539 731 1613 766 aut
1629 721 1688 766 vi-

187 787 401 833 derentur
434 782 655 848 prodesse,
704 785 852 830 autin
888 783 1084 832 collestis
1122 786 1182 832 ibi
1218 789 1416 833 virorum
1457 785 1691 834 dotiorum

187 855 410 919 opusculis
431 854 601 897 monita
622 849 760 897 effeut
778 862 910 916 atque
931 853 1215 916 suppeditata,
1248 856 1331 900 hac
1352 855 1504 901 eadem
1525 855 1579 901 de
1598 872 1695 900 cau-

187 921 234 968 sa
255 921 489 980 diligenter
506 918 739 965 consulens
761 930 805 965 et
823 921 1078 984 inspiciens,
1105 939 1217 985 quae
1231 921 1320 984 ipse
1339 920 1461 967 domi
1481 921 1695 969 habebam

187 1005 336 1042 meae,
370 989 448 1033 alia
471 1004 624 1049 opera,
655 999 706 1032 ut
728 986 878 1049 Lipsii,
914 991 1102 1034 maxime
1124 1006 1148 1034 e
1170 991 1323 1034 Tomo
1344 991 1488 1034 tertio.

324 1055 521 1102 Omnino
546 1054 597 1100 ad
615 1052 736 1100 regie
763 1056 1104 1116 intelligendum
1125 1055 1530 1120 explicandumque
1550 1059 1695 1102 Hero·

187 1123 388 1177 dianum,
427 1123 634 1186 quoniam
653 1122 696 1167 id
715 1139 808 1169 non
828 1122 1099 1185 procedebat
1117 1123 1207 1169 fine
1234 1123 1344 1170 iusta
1369 1123 1587 1169 librorum
1616 1140 1690 1168 co·

185 1194 261 1256 pia
281 1204 324 1236 et
345 1188 535 1236 lestione
555 1190 718 1246 multa,
761 1207 846 1236 nec
867 1193 1062 1254 tempori
1082 1193 1264 1254 peperci
1284 1207 1368 1237 nec
1388 1191 1573 1246 sumtui,
1616 1207 1693 1236 ne-

187 1257 384 1305 cessarios
420 1257 555 1303 libros
583 1269 678 1302 tum
710 1258 800 1303 aliis
831 1274 882 1303 ex
910 1258 1094 1305 urbibus
1128 1261 1413 1321 conquirenS,
1461 1270 1557 1305 tum
1586 1275 1693 1304 vero

189 1327 317 1372 etiam
339 1333 547 1372 coemens
567 1326 612 1369 in
633 1325 944 1371 bibliothecam
965 1327 1035 1371 vel
1055 1343 1200 1372 meam
1215 1327 1286 1371 vel
1300 1325 1525 1389 Gymnasii
1543 1326 1698 1372 urbici.

184 1394 273 1440 Sed
304 1410 405 1440 curn
435 1395 479 1438 in
506 1394 595 1438 hoc
623 1395 687 1438 rei
717 1390 981 1438 domesticae
1003 1406 1236 1440 contemtu
1258 1393 1450 1457 quodam
1477 1404 1627 1438 tamen
1650 1403 1698 1439 et

182 1464 299 1510 ‚ratio
333 1460 532 1507 habenda
562 1457 667 1506 esset
698 1463 812 1506 vitae
842 1462 1042 1523 reliquae
1073 1478 1390 1524 meorumque:
1432 1457 1462 1505 fi
1487 1477 1600 1523 quos
1627 1461 1698 1506 alii

184 1528 322 1575 libros
346 1546 437 1574 non
459 1546 531 1574 me
551 1540 707 1574 tenere
727 1545 778 1573 ac
796 1528 970 1574 laudare
992 1528 1180 1583 videant,
1211 1530 1254 1574 in
1276 1529 1428 1592 primis
1443 1529 1629 1574 Criticos
1651 1538 1698 1574 et

185 1596 487 1655 Philologicos
509 1596 788 1642 recentiffimi
808 1597 1045 1658 temporis,
1079 1596 1131 1642 ab
1153 1597 1220 1642 his
1243 1597 1370 1641 facile
1392 1598 1564 1641 veniam
1586 1593 1695 1640 arbi-

183 1674 283 1709 tror
311 1665 440 1710 huius
468 1662 755 1727 parsimoniae
779 1679 910 1725 atque
939 1666 1115 1728 inopiae
1144 1681 1216 1710 me
1237 1666 1598 1726 impetraturum,
1636 1673 1692 1715 et,

183 1730 217 1777 fi
240 1731 345 1794 quid
364 1734 617 1792 ignoratum
638 1733 1017 1795 praeteritumque
1038 1742 1253 1779 moneant
1281 1732 1373 1788 alii,
1412 1731 1602 1777 libenter
1623 1729 1694 1775 ad-

186 1798 403 1854 diturum,
433 1796 660 1863 profiteor.
1663 1853 1666 1857 .

320 1871 462 1927 Pergo
487 1866 540 1912 ad
568 1871 714 1913 Notas
737 1867 948 1922 aliorum,
983 1884 1094 1930 quae
1121 1869 1166 1913 in
1201 1866 1397 1912 editione
1423 1864 1570 1913 nostra
1591 1881 1694 1911 con·

185 1935 452 1997 spiciuntur,
485 1935 575 1981 hoc
599 1935 693 1981 fere
718 1933 925 1997 deinceps
949 1933 1131 1989 ordine,
1175 1937 1218 1994 1)
1239 1935 1474 1997 Stephani,
1508 1950 1559 1979 ex
1580 1950 1694 1979 mar·

188 2004 293 2062 gine
319 2015 395 2047 aut
422 2002 560 2055 calce,
617 2005 665 2063 2)
693 2001 940 2064 Sylburgii,
984 2019 1036 2047 ex
1068 2002 1388 2047 commentario
1422 2010 1499 2046 aut
1535 1999 1694 2054 indice,

191 2074 238 2126 3)
258 2070 474 2123 Boecleri,
513 2071 568 2129 4)
589 2068 846 2116 Oxoniensis
871 2069 1072 2124 editoris,
1114 2072 1160 2129 5)
1181 2070 1398 2123 Leisneri,
1449 2069 1498 2126 6)
1516 2066 1694 2121 Reiskii,

186 2141 241 2197 7)
260 2138 426 2182 Strothi
454 2147 500 2181 et
538 2142 582 2197 8)
607 2137 806 2192 Gedikii,
842 2136 1001 2200 quibus
1031 2134 1129 2198 ipsis
1157 2134 1384 2181 interdum
1411 2151 1509 2180 mea
1536 2134 1695 2182 inserui

184 2203 425 2266 quaedam,
458 2206 580 2249 uncis
603 2203 818 2259 distinsta,
851 2204 927 2249 ubi
949 2200 1118 2250 necesse
1138 2203 1384 2256 videretur,
1415 2214 1489 2247 aut
1510 2201 1696 2249 brevita-

185 2274 244 2316 tis
264 2271 397 2316 causa.
467 2278 532 2315 Ac
553 2273 761 2334 Stephani
784 2272 964 2334 quidem
987 2270 1300 2333 Sylburgiique
1323 2270 1488 2315 sumtae
1516 2271 1617 2316 sunt
1645 2287 1698 2316 ex

184 2337 456 2385 editionibus
485 2338 682 2394 illorum,
729 2338 1014 2402 similiterque
1053 2338 1255 2384 Boecleri
1292 2349 1339 2384 et
1367 2335 1694 2390 Oxonienfium,

186 2422 375 2470 quarum
399 2403 681 2468 posteriores,
717 2423 818 2452 cum
839 2406 935 2452 fere
955 2404 1127 2453 haustae
1147 2403 1284 2450 essent
1302 2421 1327 2450 e
1342 2405 1572 2460 Boeclero,
1601 2415 1695 2450 tan-

184 2485 238 2520 to
257 2475 392 2532 magis
415 2474 545 2534 potui
565 2476 769 2519 omittere
791 2475 974 2536 partim,
1012 2484 1062 2519 ut
1081 2484 1126 2518 et
1143 2473 1342 2519 Boecleri
1364 2472 1461 2525 has,
1498 2489 1606 2536 quae
1625 2471 1696 2518 vel

184 2541 397 2603 Stephani
412 2538 691 2600 Sylburgiive
715 2539 985 2587 coniecturas
1006 2551 1262 2603 repeterent
1279 2537 1474 2585 sinecrifi
1496 2539 1596 2594 ulla,
1617 2539 1695 2598 (ob

186 2625 319 2672 quarn
340 2606 506 2652 causam
528 2618 571 2651 et
590 2609 727 2653 multa
749 2608 997 2654 Scheidiani
1023 2607 1186 2654 Indicis
1217 2605 1438 2670 oppreffi)
1467 2606 1537 2652 vel
1568 2623 1696 2667 argu·

185 2687 337 2726 menta
358 2670 613 2734 uastarent,
643 2692 754 2741 quae
767 2679 941 2740 politica
973 2687 1157 2739 vocant,
1202 2692 1288 2727 nec
1315 2686 1466 2724 tamen
1495 2673 1697 2739 scriptori

1763 2654 1779 3137 g
