1798 3163
253 178 273 231 i
293 198 311 229 1
325 199 355 228 0
397 184 566 229 LIBER
588 184 623 227 I.
667 181 792 228 CAP.
816 181 896 224 IV.
935 179 989 224 A.
1009 174 1064 224 V.
1089 181 1139 226 C.
1168 192 1195 236 9
1209 191 1230 233 3
1246 191 1289 233 3.
1327 172 1541 229 CHRQ‘N·
1563 195 1581 227 1
1597 189 1678 234 goa

246 291 523 368 ὴδοξυφόξωῦ
546 295 720 364 φξουξοὶ
744 290 864 349 inam)
895 291 980 362 ῥύε-
1013 302 1099 345 tum
1157 294 1344 364 custodia
1391 297 1558 348 idonea
1604 265 1773 351 tuendoi

250 446 465 498 periculum
486 443 768 491 depellendum,
803 453 882 478 non
911 440 1069 487 amplius
1087 441 1221 478 adsunt
1246 454 1284 479 et
1301 441 1466 480 adhiberi
1487 443 1648 490 poss'unt.
1707 449 1753 484 In

253 510 330 546 quo
356 496 442 532 sane
460 493 610 537 lef‘corcs
630 492 867 540 expeaabam
887 489 1009 536 potius
1029 490 1121 526 hanc
1137 505 1155 526 a
1175 491 1309 527 Nostro
1329 492 1563 533 sententiam.
1577 495 1755 542 pecunias

252 546 372 584 nullas
399 542 588 591 tyrannidi
619 554 658 576 ac
693 552 854 588 tyranno
884 538 1045 575 sufficere
1077 553 1114 575 et
1143 540 1306 587 prodesse
1330 543 1374 578 ad
1408 542 1638 580 securitatem
1660 555 1697 581 et
1717 543 1753 580 se

253 594 434 633 tuendum
460 590 832 636 defendenduanue;
872 588 974 635 quod
1002 600 1040 623 et
1056 590 1171 624 Vern.
1199 601 1273 625 vet.
1304 589 1497 637 exprimit.
1538 602 1576 627 et
1598 594 1754 630 Severus

252 643 348 682 infra
367 641 450 677 filiis
471 640 623 676 adhibet
651 649 682 684 3,
709 648 762 682 13,
782 649 813 680 9.
837 637 912 684 sqq·
973 639 1108 673 Verum
1127 638 1258 674 Noster
1278 640 1425 676 videtur
1449 641 1616 687 decipere
1644 642 1761 679 lecto-⁴

254 705 337 729 rum
360 689 676 737 expectationem,
715 687 788 721 alio
810 685 980 722 conversa
1003 699 1128 722 mente
1147 699 1187 722 ac
1215 687 1420 731 sententia,
1453 690 1605 725 modum
1627 691 1754 737 potius

254 741 440 778 innuens,
475 750 549 784 quo
577 735 668 770 nihil
694 734 875 774 sufficiant
900 735 1069 781 tyrannis
1096 748 1187 781 opes
1219 736 1469 783 pecuniariae,
1503 749 1586 773 cum
1608 751 1672 785 per
1691 739 1755 774 in-

254 785 534 835 temperantiam
550 785 711 820 inaniter
732 784 964 820 absumantur
980 795 1019 820 et
1042 797 1215 831 pereant;
1242 786 1364 832 estque
1381 786 1417 821 in
1430 788 1502 821 hoc
1512 786 1620 822 etiam
1634 798 1752 835 genus

254 836 473 884 elegantiae.
501 834 547 868 cf.
571 835 655 870 Ern.
679 834 773 868 rhet.
793 833 825 881 ξ.
842 844 920 878 300.
937 856 946 872 ‚
975 834 1077 880 quod
1099 846 1165 879 pro
1185 833 1262 868 solo
1282 845 1457 869 concreto
1479 834 1668 881 personae,
1687 847 1754 873 aut

251 888 289 923 h.
313 889 334 922 l.
358 883 528 920 abstracto
550 886 760 928 τυμηίδος,
790 882 958 929 adiungit
979 881 1139 928 aliquid,
1175 882 1314 918 causam
1335 882 1518 919 [modum
1541 885 1755 927 continens,

251 934 472 980 lefiorisque
494 932 712 980 cogitationi
734 931 955 969 subiiciens;
993 932 1094 966 unde
1115 931 1292 976 pecuniae
1312 932 1412 967 nulla
1433 932 1635 970 multitudo
1655 933 1756 970 suffi-

250 997 335 1022 cere
354 981 504 1018 alicuius
524 980 832 1025 intemperantiae
862 980 1017 1020 dicitur,
1053 992 1135 1016 cum
1165 981 1322 1026 pecunia
1349 993 1428 1018 non
1456 980 1505 1016 est
1529 982 1580 1017 ita
1609 993 1755 1030 magna.

251 1033 347 1083 quin
366 1033 411 1068 ab
437 1031 562 1077 aliquo
586 1030 824 1065 consumatur
844 1041 907 1076 per
933 1028 1277 1075 intemperantiam.
1313 1043 1359 1066 ex
1380 1029 1689 1077 intemperantia,
1725 1031 1752 1067 s.

253 1084 566 1128 intemperantem
600 1091 694 1127 quae
720 1091 851 1114 omues
879 1078 966 1114 sunt
981 1077 1162 1114 formulae
1182 1076 1306 1113 causae
1327 1078 1353 1114 s.
1376 1079 1490 1114 modi.
1539 1081 1582 1116 ln
1603 1091 1671 1126 qua
1692 1091 1756 1115 ex·
1782 1094 1786 1118 1

253 1130 420 1181 ponendi
441 1129 512 1164 loci
534 1128 679 1164 ratione
704 1139 857 1164 manent
877 1127 937 1162 hic
957 1138 994 1162 et
1014 1127 1065 1174 sq.
1097 1127 1263 1162 membro
1295 1127 1454 1164 diversae
1473 1128 1755 1174 quodammodo
1784 1167 1785 1179 ἶ

253 1177 559 1218 emundationes,
594 1190 748 1224 quarum
778 1188 852 1212 una
874 1175 1088 1223 exprimitur
1108 1175 1263 1222 oblique
1283 1189 1323 1211 ac
1341 1176 1434 1213 teste
1455 1188 1493 1212 et
1515 1189 1579 1222 per
1599 1178 1757 1214 moduni

252 1229 462 1267 causamve,
497 1226 559 1263 sed
580 1228 689 1262 altera
710 1225 944 1273 fimpliciter,
980 1224 1115 1261 direste
1134 1237 1171 1261 et
1191 1226 1322 1271 plane;
1358 1236 1402 1262 ut
1424 1225 1461 1261 in
1483 1225 1637 1262 Gedikii
1665 1237 1754 1261 con-

253 1279 389 1316 iectura
408 1277 492 1312 sunt
511 1276 796 1311 enunciationes
817 1274 896 1321 syn.
910 1298 920 1315 ,
954 1286 1034 1309 non
1061 1285 1185 1310 tamen
1211 1274 1292 1309 illae
1313 1287 1377 1321 per
1398 1274 1432 1310 se
1457 1274 1652 1317 absurdae,
1692 1273 1755 1310 sed

251 1341 329 1366 rem
349 1327 504 1362 eandem
527 1337 588 1370 per
607 1325 753 1371 copiam
773 1334 1041 1372 proponentes.
1093 1322 1153 1358 Ad
1172 1321 1392 1358 sententiam
1414 1335 1535 1359 autem
1553 1323 1758 1371 vulgarem,

251 1376 373 1413 nullas
405 1373 576 1421 pecunias
605 1373 701 1410 tueri
729 1383 928 1420 tyrannum
949 1384 988 1407 ac
1017 1370 1248 1417 principem,
1286 1372 1400 1407 modo
1421 1371 1644 1418 proferimus
1670 1372 1757 1408 Sall.

251 1428 330 1472 lug.
358 1435 412 1466 ιο,
435 1439 467 1467 4·
500 1435 577 1458 non
597 1423 797 1464 exercitus,
831 1434 953 1470 neque
979 1420 1139 1469 thesauri
1167 1419 1336 1466 praefidia
1363 1421 1469 1468 regni
1484 1419 1589 1469 sunt,
1626 1433 1756 1458 verum.

252 1474 380 1514 amici,
413 1484 506 1520 quos
526 1485 633 1519 neque
653 1471 761 1507 armis
782 1484 914 1520 cogere,
941 1481 1063 1517 neque
1079 1481 1164 1505 auro
1185 1481 1307 1516 parare
1327 1482 1443 1517 queas.
1491 1469 1625 1506 Officio
1635 1479 1671 1505 et
1681 1469 1755 1506 fide

248 1525 473 1576 pariuntur,·
509 1520 553 1555 ad
575 1533 668 1566 quae
691 1522 795 1555 Cort.
820 1521 888 1562 „ab
910 1521 1002 1555 xen.
1032 1519 1051 1554 Ι.
1073 1527 1105 1559 8.
1126 1519 1248 1554 locum
1273 1518 1342 1555 effe
1361 1519 1577 1566 expressum.
1603 1518 1757 1554 notavit

251 1572 452 1610 Manutius.
503 1570 676 1606 Nostrum
705 1570 909 1605 aemulatur
930 1568 1111 1604 Herodi.“
1140 1567 1228 1602 hinc
1255 1566 1332 1602 sine
1353 1570 1439 1609 Gr„
1473 1569 1510 1604 in
1530 1569 1671 1604 Mamet.
1698 1569 1757 1603 es-

252 1635 361 1661 tam,
393 1633 458 1667 pro
482 1621 665 1657 Abramo.
693 1619 757 1664 qui
781 1619 824 1653 ad
841 1618 918 1653 Cic.
937 1617 1026 1654 Phil.
1050 1629 1082 1656 2,
1104 1630 1163 1660 44.
1178 1615 1200 1650 i.
1224 1619 1355 1651 nullum
1380 1616 1427 1665 est
1448 1617 1534 1653 istuc
1557 1637 1595 1644 —-
1622 1615 1758 1665 praefi.

252 1672 360 1707 dium.
408 1668 566 1704 Caritate
591 1677 625 1702 ct
654 1667 916 1704 benevolentia
931 1667 1064 1702 civium
1091 1665 1234 1711 septum
1253 1674 1388 1712 oportet
1410 1663 1493 1714 ff,
1527 1677 1605 1701 non
1627 1666 1756 1706 armis.

253 1734 276 1756 e
297 1722 391 1756 Xen.
413 1729 559 1754 tantum
577 1717 702 1752 Latina
724 1726 931 1762 comparat,
967 1727 1126 1763 quorum
1153 1715 1289 1749 Graeca
1317 1714 1401 1750 sunt
1419 1717 1560 1760 (lynx,
1579 1721 1614 1757 7,
1636 1724 1669 1760 3.
1695 1712 1755 1749 ed.

253 1770 328 1805 Th.
359 1769 404 1803 V.
434 1780 460 1802 1.
494 1779 528 1813 p.
553 1776 632 1812 545.
654 1765 700 1806 i.‚
736 1764 797 1801 sed
826 1765 869 1801 Ζ.
891 1773 925 1805 8,
951 1777 987 1809 7,
1016 1773 1070 1809 13.
1102 1762 1148 1798 cf.
1178 1762 1284 1799 lsocr.
1306 1763 1371 1798 Or.
1397 1765 1441 1800 ad
1465 1763 1555 1800 Nic.
1579 1767 1616 1804 6,
1638 1773 1670 1810 3.
1697 1760 1758 1801 ed.

249 1818 519 1912 Krgigiiagingg.)
547 1867 610 1912 Bg.
630 1862 753 1900 reddit
773 1872 829 1907 φρ.
852 1860 1032 1901 severius.
1060 1873 1166 1908 quam
1188 1861 1227 1895 P.
1245 1883 1256 1900 ,
1279 1859 1339 1896 sed
1358 1871 1474 1908 aeque
1493 1860 1684 1909 ambigue,
1708 1859 1758 1896 de

255 1916 366 1964 pers,
393 1927 438 1949 an
460 1926 518 1950 re,
553 1912 680 1949 ubisit
706 1909 935 1947 custodiendi
957 1910 1054 1946 aelus
1076 1911 1102 1945 s.
1126 1909 1282 1945 studium
1309 1921 1348 1944 et
1373 1921 1477 1951 cura;
1510 1922 1617 1955 quam
1645 1908 1757 1956 postr-

253 1965 452 2001 notionem
471 1963 580 1998 habet
599 1964 678 2007 Stp.
690 1962 762 1996 Th.
776 1973 808 1998 2.
828 1971 927 2004 1500.
941 1961 981 1995 C.
995 1972 1038 1996 m.
1052 1958 1127 1994 fine
1139 1959 1323 2006 exemplo,
1335 1970 1375 1994 ut
1388 1959 1544 2005 priorem
1568 1971 1663 2006 „pro
1675 1956 1759 2004 ipfis
1788 1982 1791 1987 -

251 2012 435 2052 militibus
451 2011 686 2059 praefidiariis
699 2008 981 2046 etcustodibus“
1002 2008 1318 2048 aliundetantum,
1337 2020 1420 2044 cum
1441 2020 1523 2055 gen.
1538 2008 1626 2054 pers.
1646 2005 1758 2043 fimili
1789 2008 1791 2010 ’

254 2071 315 2104 τὴν
334 2070 551 2108 Σπαρτιατῶν
571 2072 629 2106 φρ.
644 2084 654 2101 ,
680 2072 724 2095 ur
743 2059 788 2094 G.
808 2058 880 2092 Th.
907 2057 1203 2105 paedagogorum
1225 2055 1394 2105 custodia,
1431 2070 1450 2091 e
1468 2059 1601 2104 Qint.
1617 2082 1626 2097 ,
1662 2056 1759 2092 rela-

252 2123 333 2149 tum
345 2125 362 2147 a
377 2113 439 2147 (ss.
454 2111 495 2145 ad
509 2109 702 2145 notionem
717 2120 790 2143 non
805 2106 894 2153 pers.
910 2131 921 2148 ‚
950 2106 1011 2142 sed
1022 2106 1286 2154 rei,quaeeth.
1302 2106 1326 2140 l.
1341 2105 1466 2152 potior
1482 2105 1757 2141 obadiunstum
1788 2122 1792 2140 <

255 2173 341 2211 gen.
369 2165 431 2206 3⁰?—
460 2158 624 2195 nominis
650 2156 884 2204 appellativi,
920 2156 958 2210 in
989 2167 1065 2203 quo
1091 2166 1128 2190 et
1157 2153 1241 2199 ipso
1269 2153 1338 2189 iam
1369 2154 1417 2189 est
1439 2155 1546 2190 notio
1569 2153 1757 2203 custodum.

256 2209 359 2257 quod
380 2219 479 2244 lecus
503 2208 542 2244 in
562 2210 640 2253 Stp.
663 2217 792 2251 Σπαςτ.
813 2205 976 2241 nominis
997 2203 1133 2250 proprii
1160 2215 1264 2250 gem,
1291 2202 1337 2236 cf.
1362 2202 1489 2239 Aesch.
1510 2206 1575 2238 Or.
1595 2206 1636 2240 R.
1652 2204 1696 2238 V.
1720 2213 1756 2249 3.
1790 2210 1793 2249 ζ

255 2272 293 2307 p.
311 2268 362 2303 30.
389 2254 424 2294 εὖ
445 2258 470 2293 δ’
487 2257 538 2295 'irs
551 2283 562 2298 ·,
583 2277 622 2285 -—
649 2254 699 2292 ὅτι
717 2260 762 2291 τὰ
783 2259 839 2298 μὲν
857 2262 919 2291 τῶν
942 2257 1248 2297 &nizonem-evictum*
1268 2249 1410 2296 σώματα
1427 2260 1480 2288 καὶ
1501 2260 1559 2294 τὴν
1582 2257 1758 2290 πολιτείαν
1790 2256 1792 2258 ’

253 2314 287 2345 cl
305 2306 391 2348 nium
414 2303 557 2353 σῶζωσι
571 2330 579 2345 ,
616 2310 661 2342 τὰ
691 2310 725 2342 δὲ
746 2312 810 2340 τῶν
830 2310 990 2348 τυράννων
1019 2310 1071 2338 καὶ
1097 2309 1161 2338 τῶν
1185 2300 1387 2346 ὀλιγαρχιῶν
1405 2306 1524 2340 icona-la
1544 2310 1599 2338 καὶ
1628 2301 1650 2344 ἤ
1666 2305 1758 2345 μετ-ὲ

254 2366 319 2393 τῶν
339 2355 444 2393 ἔνι-λων
466 2360 618 2401 φρουρὰ,
647 2366 712 2401 per
733 2351 953 2399 periphralin
973 2364 992 2386 e
1015 2363 1155 2397 praep.,
1184 2362 1249 2396 pro
1273 2361 1353 2396 gen.
1376 2350 1563 2393 concreti,
1601 2351 1658 2387 vel
1688 2362 1755 2397 pro

256 2405 349 2445 adi..
380 2415 623 2444 armatorum,
656 2402 815 2439 militum
833 2401 1038 2451 cxstodiam,
1071 2401 1094 2436 s.
1114 2409 1293 2434 armatam
1321 2398 1529 2447 custodiam,
1564 2400 1625 2436 ubi
1654 2401 1697 2435 ad
1719 2411 1756 2434 v.

259 2457 343 2501 «μζ.
365 2453 531 2499 suppleas
554 2455 665 2493 haec,
692 2452 764 2487 lcil.
785 2451 829 2486 ad
851 2461 994 2496 tempus
1016 2448 1185 2494 aliquod3
1214 2461 1278 2494 pro
1299 2460 1371 2494 quo
1384 2448 1514 2484 Noster
1535 2448 1639 2489 dicit,
1664 2445 1756 2495 quid

257 2502 465 2550 requiratur
486 2505 529 2538 ad
555 2512 705 2548 tempus
732 2512 845 2536 omne
874 2510 912 2536 et
931 2498 1162 2537 diuturnius;
1200 2498 1298 2535 unde
1322 2510 1407 2533 mox
1426 2498 1534 2543 οἷςχῆς
1554 2506 1678 2542 μῆκος,
1716 2505 1759 2532 et

258 2552 380 2588 senius
405 2552 439 2586 h.
462 2552 505 2591 1.,
541 2550 614 2586 vim
646 2562 830 2585 armorum
863 2547 1136 2594 satellitumque
1167 2547 1318 2582 tutelam
1345 2559 1383 2582 et
1401 2546 1628 2594 vigilantiam
1657 2543 1755 2582 tueri

255 2600 406 2650 quidem
429 2600 668 2646 imperantem
691 2600 732 2634 ad
753 2610 898 2644 tempus
923 2596 1093 2644 aliquod;
1127 2595 1187 2632 sed
1206 2608 1284 2631 non
1296 2595 1457 2631 sufficere
1481 2595 1516 2631 in
1536 2607 1648 2630 omne
1662 2606 1757 2630 tem-

255 2664 347 2698 pus,
379 2660 501 2695 neque
520 2661 601 2684 eum
626 2659 807 2694 perpetuo
827 2658 947 2683 tutum
967 2645 1161 2691 praestare,
1198 2643 1285 2680 dum
1313 2646 1370 2680 vel
1390 2643 1454 2690 ipsi
1476 2643 1642 2680 custodes
1668 2645 1758 2680 sunt

254 2697 411 2747 perfidi,
440 2709 498 2737 tt,
526 2708 634 2743 quem
657 2696 796 2732 servare
816 2696 1022 2735 debebant,
1045 2707 1129 2730 eum
1150 2705 1307 2735 necant,
1334 2704 1374 2728 ut
1394 2692 1622 2729 Pertinacem
1646 2693 1757 2728 Prae-

255 2747 391 2784 tori-‘ini
406 2773 416 2788 ,
451 2747 509 2782 vel
532 2745 656 2782 saltem
684 2758 760 2780 non
789 2744 938 2792 poffunt
955 2744 1092 2792 ubique
1107 2754 1229 2779 arcere
1246 2754 1286 2777 ac
1306 2753 1434 2786 cavere
1455 2740 1620 2783 infidias,
1657 2741 1757 2784 ficas,

253 2808 396 2834 venena
409 2820 420 2838 .
445 2795 494 2832 cf.
515 2796 609 2832 l'lin.
627 2795 714 2832 Pan.
734 2806 764 2829 c.
777 2806 832 2840 49.
851 2793 896 2834 i.‚
928 2791 1108 2830 sumendo
1128 2791 1191 2829 hic
1210 2790 1313 2828 subst.
1333 2793 1401 2838 3⁰!-
1421 2802 1501 2828 non
1516 2790 1624 2828 sensu
1642 2800 1759 2840 angu-
