1772 3158
498 123 794 173 ExcvRsvs
832 125 915 170 AD
948 123 1094 171 LIBR.
1124 123 1160 169 1.
1264 92 1265 95 ¹
1477 129 1579 176 793

88 249 128 275 et
146 239 238 276 Xen·
254 261 266 279 ,
298 247 382 273 cum
409 237 541 279 nach„
576 239 676 274 Mor.
691 237 781 282 Ἀνβ.
799 236 842 274 Ζ.
865 234 942 272 ΡοΙ.
970 245 1010 271 et
1030 236 1116 282 Cyr.
1144 230 1258 269 Fisch.
1285 229 1416 270 Aesch.
1439 240 1480 268 et
1497 231 1588 286 Pala

87 288 186 324 Plut.
211 286 274 323 Hs.
302 288 359 324 Rs.
379 288 446 323 Or.
467 289 511 323 V.
524 301 559 332 4.
581 299 620 324 et
638 289 772 326 Dem...
807 296 888 322 tum
907 283 994 320 Obs.
1021 284 1065 319 ad
1088 282 1173 318 Hes.
1192 286 1266 327 ἐςγ.
1286 293 1320 317 v.
1343 285 1424 327 306.
1457 280 1589 318 Herus.

88 337 220 372 Graev.
249 347 287 372 et
305 336 395 372 Krb.
422 347 460 371 et
486 335 545 371 hic
572 335 616 371 ad
643 337 692 372 N.
714 337 761 372 T.
783 348 818 382 p.
840 345 944 381 371„
981 334 1100 370 Gron.
1126 331 1171 368 ad
1200 330 1301 368 l’olb.
1324 332 1372 366 T.
1391 343 1421 366 r.
1445 343 1480 378 p.
1501 335 1586 376 896.
1633 346 1638 350 ·

85 385 188 422 Harl.
210 388 253 422 ad
272 387 381 422 Dem.
399 397 436 432 p.
450 386 536 421 Cor.
561 398 595 432 p.
610 394 687 429 371.
708 386 758 421 N.
774 396 873 429 29,e.
888 406 900 424 ‚
934 395 1044 430 porro
1065 393 1121 427 ap.
1144 391 1216 416 vet.
1239 379 1439 434 Grammat.
1461 379 1601 433 Schola

83 434 191 471 Arist.
214 435 311 470 Plut.
331 438 485 477 v.246.,
519 434 583 481 qui
603 433 640 469 in
663 446 714 480 pr.
732 433 842 470 etiam
862 431 984 469 reddit
1011 436 1219 476 σύμμετρος,
1254 427 1357 464 Surd.
1376 442 1413 484 ᾗ,
1434 439 1515 472 545·
1536 439 1588 463 m·

81 499 143 528 ·μ.,
166 482 206 519 τὸ
230 479 312 525 ἦθος
332 488 497 525 ἐπιεικὴς.
522 485 700 519 moderato
720 493 757 518 et
776 481 919 530 modesto
940 481 1095 529 ingenio
1113 478 1312 526 praeditus,
1335 488 1445 530 etiam
1466 478 1505 512 in
1519 476 1588 512 rel.

83 532 194 579 plane
215 544 298 567 cum
317 533 441 569 Schol.
466 531 512 567 ad
523 533 609 568 Luc.
630 532 653 567 l.
666 531 689 566 Ι.
709 531 811 578 supra
832 531 877 566 ad
895 536 1030 570 imatus,
1051 541 1132 564 non
1145 527 1229 564 coll.
1242 526 1285 562 ad
1299 527 1385 564 Hei.
1399 539 1432 567 2,
1447 532 1585 568 §gg-m.

80 587 222 626 μέτριοι,
247 584 410 621 ἐπιεικεῖς,
438 581 549 630 Greg.
570 581 616 616 de
638 581 723 616 dial.
740 582 774 629 ς.
791 584 867 616 116.
894 577 1152 615 Schol.Thuc.
1172 587 1298 623 30,31.
1328 586 1409 630 ²50³
1427 580 1480 628 ¹.⁶·
1499 577 1586 628 385,

81 643 117 674 4·
145 638 229 672 258,
251 637 304 668 ¹8·
335 629 395 666 sed
423 641 508 665 Cum
528 642 650 677 praep.
671 640 753 675 374,
775 638 832 670 28.
857 630 939 676 πρὸς
956 626 1035 669 τούς
1059 623 1185 669 {conve
1208 632 1359 672 μέτριοι.
1394 626 1587 677 inleriqri-

81 677 199 725 busse
216 677 425 714 moderatos
445 679 636 726 praebent,
664 682 791 715 δίκαιοι.
842 680 871 715 Ε
889 677 1024 727 quibus
1046 676 1221 712 omnibus
1243 673 1487 720 satisdiquer,
1521 670 1584 706 issa

79 726 151 763 adi.
183 726 257 762 duo
276 725 398 762 Nostri
428 727 496 763 ess‘e
526 728 602 775 syn.
628 738 667 764 et
686 740 750 774 per
770 729 914 777 copiam
937 727 999 762 hic
1020 724 1206 772 copulari,
1248 734 1293 760 ut
1319 735 1442 759 tamen
1465 735 1528 768 per
1548 719 1586 755 se

58 816 61 817 ⁷
79 773 255 812 differant
275 773 342 818 fic,
369 786 412 811 ut
431 781 594 819 ἐπιεικὴς,
625 789 670 813 ex
691 781 743 813 ἐπὶ
763 787 802 813 et
820 778 916 819 εἴκω,
953 775 1103 822 proprie
1125 772 1268 810 dicatur
1281 796 1294 813 ‚
1328 772 1390 820 qui
1415 771 1514 808 cedit
1531 770 1584 825 de

72 823 157 860 iure
176 822 263 867 suO,
297 836 420 870 neque
439 825 477 860 id
499 828 622 863 severe
641 826 794 863 sectatur
813 838 851 862 et
870 826 1039 871 usurpat,
1076 826 1155 860 Lat.
1177 823 1382 863 concedens,
1415 831 1453 856 et
1471 820 1583 856 nobis

78 873 315 920 naecbgebend,
342 873 404 909 led
425 874 560 912 deinde
584 875 609 911 i.
628 887 664 922 q.
684 873 792 916 lenis,
818 875 1014 923 benignus,
1042 873 1130 921 quia
1149 872 1239 909 tales
1257 869 1418 908 libenter
1429 872 1584 908 cedunt·

76 921 139 960 sed
161 927 292 967 μέτριος
308 945 317 961 ,
345 922 408 968 qui
429 924 582 960 modum
603 934 727 966 tenet,
752 925 832 961 Lat.
855 923 1019 972 modestus
1038 935 1076 959 et
1093 923 1316 960 moderatus·
1352 920 1495 956 nemini
1515 930 1584 974 ¹.¹⁰'

75 972 198 1008 cendo
219 982 348 1006 contra
367 971 489 1020 leges,
514 985 555 1010 et
572 985 630 1009 eas
652 974 790 1019 ubique
810 973 1061 1012 observando,
1093 970 1198 1019 quod
1219 980 1257 1024 et
1274 968 1393 1016 ipsum
1412 970 1460 1005 est
1479 980 1584 1024 prin-

77 1019 172 1068 cipis
190 1030 228 1055 et
242 1019 472 1066 imperatoris
482 1023 570 1058 boni
583 1022 834 1069 benignique,
864 1021 913 1058 cf.
928 1022 1020 1057 plin.
1034 1023 1119 1057 Pan.
1132 1045 1143 1062 ,
1166 1031 1229 1067 qui
1243 1034 1339 1064 μετ-ρ.
1355 1026 1436 1065 fiae.
1458 1019 1582 1066 pingit

77 1081 110 1107 c.
123 1080 180 1105 ει.
193 1068 286 1117 sq.§.
302 1080 376 1112 5.c.
391 1071 522 1118 23.sq.‚
541 1071 602 1107 sed
613 1076 725 1110 ἐπιεικ.
740 1083 769 1106 c.
780 1081 840 1117 48.
852 1071 902 1119 sq.
916 1071 950 1120 §.
964 1084 997 1116 4.
1012 1071 1087 1117 sqq.
1100 1083 1132 1106 c·
1150 1080 1205 1111 50·
1218 1067 1272 1116 sq.
1293 1069 1371 1116 §·4·
1392 1079 1423 1103 0-
1435 1073 1487 1112 56-
1499 1067 1532 1115 §.
1546 1072 1582 1106 6.

76 1130 110 1156 c.
129 1121 186 1164 63.
207 1117 238 1166 §.
255 1129 285 1158 ς.
303 1130 333 1154 e.
346 1118 396 1165 sq.
417 1132 447 1157 c.
461 1120 509 1165 sq.
536 1121 580 1157 it.
604 1132 662 1163 7¹·
684 1125 828 1165 76-78,
847 1133 877 1155 c.
897 1129 952 1160 80-
972 1130 1024 1163 ες.
1043 1120 1143 1166 sqq..
1180 1117 1244 1153 ubi
1266 1116 1430 1166 modestia
1449 1129 1486 1154 et
1513 1129 1584 1154 mo.

75 1167 218 1204 aerario
237 1167 282 1203 de
303 1167 471 1215 principe
491 1169 543 1205 dr.
561 1183 621 1210 eo.
647 1169 712 1216 qui
733 1182 810 1206 non
832 1169 882 1205 est
901 1181 1090 1217 arrogans,
1117 1166 1178 1204 sed
1199 1165 1234 1202 se
1254 1166 1422 1203 demittit
1440 1178 1479 1203 et
1494 1179 1585 1204 cum

76 1215 218 1253 civibus
243 1216 340 1263 agit,
380 1228 423 1252 ut
443 1229 526 1253 cum
548 1218 713 1265 paribus,
750 1231 861 1266 quem
891 1230 960 1254 nos
980 1217 1139 1254 dicimus
1161 1215 1343 1264 leutseltjg,
1374 1227 1452 1264 quo
1481 1217 1584 1255 forte

76 1265 223 1314 potius,
251 1276 360 1311 quam
379 1266 423 1302 ad
442 1266 657 1303 nostratium
679 1268 894 1314 beschemen,
918 1266 1119 1312 respexerit
1137 1267 1200 1313 Bg.
1217 1263 1257 1300 in
1277 1266 1358 1304 suo.
1381 1277 1439 1311 ap.
1452 1266 1498 1302 G.
1509 1266 1587 1304 Th.

72 1327 157 1351 cum
169 1314 232 1349 Gr.
248 1325 307 1354 n..
337 1315 449 1350 etiam
468 1315 507 1352 in
529 1328 583 1363 pr.
602 1318 747 1353 clemens
765 1329 804 1352 et
820 1316 990 1354 affinibus
1012 1314 1143 1355 huius,
1168 1313 1270 1362 quod
1291 1324 1329 1349 et
1339 1325 1395 1359 ap.
1412 1315 1580 1362 Stp.Th.

71 1374 110 1405 '1‚
133 1373 236 1399 1120.
260 1362 306 1397 G.
325 1376 357 1398 e.
387 1363 535 1401 aliunde
554 1376 593 1401 et
611 1377 669 1412 ap.
690 1365 788 1403 Suic.
806 1365 826 1399 Ι.
845 1366 871 1400 l.
894 1364 931 1399 in
953 1364 1051 1412 gloff.
1067 1387 1077 1403 .
1113 1375 1147 1398 v.
1169 1375 1199 1401 c.
1230 1367 1442 1405 „Eoi-idicem,
1477 1376 1585 1401 man-

70 1411 253 1453 suetudo,
288 1412 502 1450 clementia«
527 1427 583 1460 ap.
601 1414 648 1450 G.
669 1414 742 1450 Th.
757 1438 767 1453 ,
803 1424 949 1462 praeter
969 1412 1177 1459 principem
1195 1412 1396 1448 notionem
1424 1425 1491 1460 pro
1520 1425 1583 1455 eo.

67 1460 136 1508 'qui
155 1472 234 1496 non
255 1460 392 1498 nimius
416 1463 466 1498 est
483 1462 521 1499 in
542 1463 594 1498 ira
614 1474 652 1500 et
674 1463 830 1510 poenis,
856 1464 916 1500 sed
941 1462 978 1498 in
1002 1462 1057 1497 his
1077 1463 1230 1497 modum
1248 1471 1377 1502 tenet,
1404 1462 1517 1498 etiam
1540 1463 1582 1501 in

70 1509 284 1547 universum
309 1523 375 1557 pro
403 1511 478 1548 leni
508 1524 548 1547 ac
568 1513 758 1559 benigno,
796 1511 905 1548 nobis
918 1513 1076 1559 gn'dctig3
1112 1511 1159 1547 de
1179 1512 1308 1546 Marco
1328 1509 1500 1557 quidem,
1531 1512 1583 1548 ita

72 1559 239 1595 modesto
258 1570 299 1594 ac
319 1560 416 1602 leni,
454 1573 519 1608 per
538 1562 704 1607 exempla
725 1572 896 1597 narrante
907 1559 1026 1606 Capit.
1043 1572 1073 1595 c.
1087 1570 1116 1605 3·
1139 1572 1174 1606 p.
1189 1571 1269 1602 297.
1289 1561 1430 1596 cumN.
1455 1559 1532 1597 Cas.
1545 1574 1580 1598 2.

69 1608 109 1644 b.
124 1621 170 1643 m.
196 1607 236 1643 it.
259 1619 287 1642 c.
301 1611 335 1643 6.
355 1621 392 1654 p.
410 1620 513 1655 314..
540 1609 586 1646 cf.
611 1612 693 1647 Exc.
713 1610 757 1646 ad
774 1623 802 1651 ι,
823 1623 856 1651 2,
880 1621 908 1645 1.
924 1633 935 1649 ,
963 1609 1023 1644 sed
1043 1619 1082 1644 et
1094 1608 1229 1644 Nostro
1250 1620 1333 1644 mox
1352 1607 1586 1657 subiungen-

70 1667 112 1693 te
135 1656 314 1702 quaedam
335 1669 397 1703 per
417 1658 630 1705 participia,
656 1659 762 1695 distis
791 1658 975 1706 prioribus
1003 1656 1299 1693 demonstrandis
1326 1668 1440 1705 atque
1462 1659 1583 1706 expli·-

71 1705 199 1741 caudis
219 1704 474 1748 inservientia,
500 1720 594 1755 quae
612 1708 830 1744 resolvimus
846 1708 941 1744 adeo
962 1719 1027 1754 per
1047 1706 1263 1753 particulam
1283 1708 1362 1743 Lat.
1380 1709 1482 1744 dum.
1511 1720 1583 1743 no-

72 1754 128 1791 bis
149 1755 285 1802 indem,
321 1755 378 1790 vel
400 1768 465 1803 per
484 1757 563 1794 Lat.
585 1757 711 1806 quippe
730 1756 754 1793 s.
773 1766 912 1807 utpote,
945 1767 1009 1793 aut
1028 1768 1095 1804 per
1114 1767 1222 1801 pron.
1241 1754 1346 1791 simul
1363 1757 1490 1805 quippe
1507 1757 1585 1804 qui.

72 1803 98 1841 s.
120 1813 238 1849 utpote
254 1804 335 1852 qu1‘;
360 1816 455 1851 quae
474 1805 612 1842 deinde
632 1806 758 1842 valent
776 1819 844 1852 pro
868 1805 973 1853 quia;
1000 1815 1042 1841 ut
1060 1805 1192 1841 eodem
1211 1803 1346 1852 spec‘tat
1367 1807 1404 1840 P.
1423 1815 1475 1847 ut,
1501 1806 1582 1842 sen.

70 1851 108 1888 su
128 1851 332 1899 explicandi
356 1864 570 1901 acceptum,
608 1867 676 1901 pro
694 1855 743 1891 ita
760 1880 771 1896 ,
806 1865 869 1895 ut,
898 1853 945 1892 cf.
968 1856 1052 1891 Em.
1071 1854 1151 1891 lud.
1172 1854 1284 1896 Tac„
1314 1852 1507 1891 silentibus
1528 1856 1578 1894 G.

43 1911 47 1915 '
69 1902 145 1938 Th.
166 1911 203 1936 et
226 1902 318 1937 Hor.
339 1903 444 1939 Turs.
459 1928 470 1944 ‚
499 1903 652 1942 liberius
670 1903 834 1940 versante
854 1905 890 1940 P.
914 1904 952 1940 in
971 1916 1004 1939 v.
1023 1918 1106 1948 argu,
1140 1902 1203 1938 sed
1222 1905 1287 1950 Bg.
1315 1900 1438 1939 severe
1464 1903 1583 1942 etiam

70 1950 276 2036 οῐηὶίζαεητὲ
292 1950 518 2036 supin-essum
535 1952 609 1990 dat.
629 1952 722 2001 pers.
743 1965 850 2001 pron.
872 1955 966 2000 αὐτῷ
985 1951 1137 2000 sauir-93,
1166 1950 1376 2000 cf.ap.Luc.
1393 1952 1582 1992 Ael.v.h.

70 2011 110 2038 et
163 2012 222 2038 en.
281 2012 331 2046 yr.
416 2013 451 2036 v.
465 2014 488 2037 1.

170 2050 270 2084 Tum
282 2063 313 2084 v.
324 2051 512 2094 δεξιοῦσθαι,
525 2052 620 2089 med.
632 2050 692 2087 hic
702 2053 741 2088 P.
754 2049 897 2096 accepit
908 2048 1055 2099 physice
1067 2050 1308 2098 proprieque.
1332 2062 1401 2097 pro
1411 2051 1580 2089 dextram

65 2097 413 2146 'daresporrigere‚
439 2112 475 2136 et
489 2100 574 2136 hinc
587 2100 685 2138 forte
704 2099 815 2136 etiam
831 2101 872 2135 C.
886 2099 1171 2136 Barth.Advers.
1196 2101 1218 2135 l.
1236 2112 1292 2143 25.
1314 2111 1345 2136 c.
1363 2108 1396 2140 8.
1415 2112 1449 2146 p.
1473 2111 1583 2145 1229.

72 2146 335 2195 „Principibus
349 2148 479 2184 nostris
493 2149 634 2197 signum
648 2150 762 2186 animi
775 2147 970 2185 clementis
991 2147 1140 2186 dextrae
1152 2147 1268 2189 datio,
1293 2148 1451 2185 Herodi.
1471 2149 1497 2185 l.
1513 2155 1580 2185 1.“'

69 2194 239 2235 subiectis
258 2197 322 2232 Gr.
343 2197 496 2240 nostris,
517 2198 577 2234 sed
600 2199 731 2235 viriato
753 2195 832 2239 τούς
849 2200 905 2238 δὲ,
935 2210 998 2244 pro
1008 2194 1086 2237 τούς
1103 2213 1153 2238 τε.
1180 2196 1350 2236 sumente
1365 2208 1494 2234 contra
1508 2199 1574 2247 Bg.

69 2245 279 2283 translatam
301 2245 511 2288 notionem,
538 2248 644 2285 cuius
661 2248 860 2284 formulam
882 2259 960 2282 non
978 2256 1083 2284 tenet
1092 2248 1173 2293 Stp.
1185 2248 1257 2282 Th.
1270 2272 1280 2288 ‚
1311 2245 1372 2282 sed
1386 2245 1470 2283 alias
1483 2246 1576 2294 syn..

69 2307 139 2341 pro
159 2294 201 2329 ad
220 2295 256 2331 se
276 2294 494 2336 admittere,
522 2296 598 2343 pati
617 2296 767 2338 venire,
793 2295 954 2344 alloqui,
989 2294 1179 2343 colloqui,
1214 2294 1341 2333 audire
1361 2307 1446 2332 cum
1465 2293 1577 2344 {ignis

70 2344 372 2384 benevolentiae.
407 2343 514 2381 hilari
537 2345 664 2383 fronte
685 2358 724 2382 et
741 2347 873 2386 oculo.
907 2358 1000 2383 voce
1030 2355 1068 2380 et
1095 2344 1267 2382 oratione
1291 2343 1367 2380 leni
1388 2345 1575 2393 comique.

68 2395 206 2429 Verum
232 2394 277 2430 dc
297 2393 363 2428 hac
381 2393 546 2436 ratione,
582 2407 663 2432 cum
687 2395 818 2431 Noster
838 2395 910 2431 iam
931 2393 1178 2440 praemiserit,
1217 2395 1387 2434 Marcum
1405 2394 1575 2431 clemen-

69 2453 147 2479 tem
164 2439 200 2478 se
219 2441 441 2489 praebuisse,
474 2442 497 2479 fi
518 2456 619 2480 nunc
639 2443 746 2480 addas
759 2468 769 2484 .
801 2445 988 2480 clementer
1010 2441 1231 2490 excipiendo
1251 2443 1428 2486 adeuntes,
1454 2442 1577 2479 videa-

70 2503 130 2529 tur
148 2491 330 2539 quaedam
350 2491 439 2528 oriri
462 2494 690 2541 tautologia,
726 2491 791 2530 nifi
814 2493 853 2529 in
878 2493 961 2528 adv.
993 2493 1118 2541 aliquo
1146 2491 1344 2540 deligendo
1371 2492 1575 2540 prudenter

69 2539 244 2583 verseris,
275 2542 419 2578 utendo
436 2555 470 2580 v.
492 2555 525 2578 c.
544 2542 724 2586 comiter,
747 2541 884 2584 amice,
910 2553 973 2578 aut
990 2544 1054 2590 Bg.
1067 2566 1078 2583 ‚
1104 2541 1168 2580 ubi
1187 2552 1356 2581 remanet
1367 2541 1578 2580 modo‘tau.

70 2588 211 2638 tologia
229 2590 376 2638 generis
392 2601 432 2626 ac
451 2590 614 2634 formae,
642 2604 720 2635 non
741 2591 800 2628 illa
821 2590 973 2633 vitiosa;
1011 2603 1053 2627 ut
1074 2591 1121 2627 de
1139 2591 1179 2627 Ρ.
1201 2593 1366 2628 more'et
1390 2591 1576 2639 postestae

69 2640 219 2676 dextrae
234 2651 299 2675 aut
320 2639 364 2675 ad
383 2638 622 2678 osculandum
646 2641 760 2683 adeo,
788 2651 831 2676 ut
854 2640 991 2682 hodie,
1027 2639 1074 2677 cf.
1094 2641 1159 2676 (ἐς.
1182 2641 1227 2677 ad
1247 2639 1340 2677 Plin.
1362 2640 1448 2679 Pan.
1468 2651 1527 2687 23,
1542 2652 1576 2677 x.

70 2698 111 2724 et
128 2685 223 2736 Lips.
247 2687 358 2726 Elest.
381 2700 416 2729 2,
431 2691 464 2726 6.
495 2691 596 2737 Opp.
614 2691 661 2725 T.
679 2702 708 2726 1.
731 2703 765 2737 p.
779 2692 860 2732 466.
880 2703 912 2726 e.
926 2714 937 2731 ‚
970 2689 1028 2726 sed
1042 2714 1053 2731 ‚
1081 2689 1126 2725 ad
1146 2690 1225 2737 Stp.
1245 2689 1320 2725 Th.
1341 2690 1576 2738 locupletan-

71 2735 184 2783 dum,
209 2737 256 2779 de
275 2749 310 2778 v.
327 2741 392 2787 δσξ.
412 2738 454 2778 in
479 2738 691 2781 uuiversum
708 2741 751 2781 L.
772 2739 858 2779 Em.
878 2739 960 2780 lud.
977 2737 1093 2779 Dion.
1111 2737 1191 2779 Cas.
1210 2750 1294 2779 cum
1313 2739 1407 2779 Xen.
1425 2741 1511 2791 Cyr.
1528 2738 1573 2778 Z.
