<?xml version="1.0" encoding="UTF-8"?>
<!DOCTYPE html PUBLIC "-//W3C//DTD XHTML 1.0 Transitional//EN"
    "http://www.w3.org/TR/xhtml1/DTD/xhtml1-transitional.dtd">
<html xmlns="http://www.w3.org/1999/xhtml" xml:lang="en" lang="en">
 <head>
  <title>
</title>
<meta http-equiv="Content-Type" content="text/html;charset=utf-8" />
  <meta name='ocr-system' content='tesseract 3.04.00' />
  <meta name='ocr-capabilities' content='ocr_page ocr_carea ocr_par ocr_line ocrx_word'/>
</head>
<body>
  <div class='ocr_page' id='page_1' title='image "./historiarumlibri01hero/historiarumlibri01hero_0015.png"; bbox 0 0 1829 3173; ppageno 0'>
   <div class='ocr_carea' id='block_1_1' title="bbox 654 135 1632 185">
    <p class='ocr_par' dir='ltr' id='par_1_1' title="bbox 654 135 1632 185">
     <span class='ocr_line' id='line_1_1' title="bbox 654 135 1632 185; baseline -0.002 0"><span class='ocrx_word' id='word_1_1' title='bbox 654 135 1093 185; x_wconf 83' lang='lat' dir='ltr'><strong>PRAEFATIO.</strong></span> <span class='ocrx_word' id='word_1_2' title='bbox 1246 160 1250 165; x_wconf 84' lang='lat'><strong>·</strong></span> <span class='ocrx_word' id='word_1_3' title='bbox 1570 136 1632 183; x_wconf 77' lang='lat' dir='ltr'><strong>&#39;xx</strong></span> 
     </span>
    </p>
   </div>
   <div class='ocr_carea' id='block_1_2' title="bbox 119 242 1653 2703">
    <p class='ocr_par' dir='ltr' id='par_1_2' title="bbox 119 242 1642 724">
     <span class='ocr_line' id='line_1_2' title="bbox 253 242 1635 318; baseline -0.006 -16"><span class='ocrx_word' id='word_1_4' title='bbox 253 256 468 318; x_wconf 81' lang='lat' dir='ltr'><strong>Utroque</strong></span> <span class='ocrx_word' id='word_1_5' title='bbox 496 242 646 298; x_wconf 84' lang='lat' dir='ltr'><strong>autem</strong></span> <span class='ocrx_word' id='word_1_6' title='bbox 672 253 719 298; x_wconf 88' lang='lat' dir='ltr'><strong>in</strong></span> <span class='ocrx_word' id='word_1_7' title='bbox 739 254 971 297; x_wconf 78' lang='lat' dir='ltr'><strong>Notat-um</strong></span> <span class='ocrx_word' id='word_1_8' title='bbox 1003 263 1167 309; x_wconf 84' lang='lat' dir='ltr'>genere</span> <span class='ocrx_word' id='word_1_9' title='bbox 1196 246 1289 295; x_wconf 86' lang='lat' dir='ltr'><strong>hoc</strong></span> <span class='ocrx_word' id='word_1_10' title='bbox 1313 246 1635 313; x_wconf 83' lang='lat' dir='ltr'>saepenumero</span> 
     </span>
     <span class='ocr_line' id='line_1_3' title="bbox 121 315 1638 379; baseline -0.005 -9"><span class='ocrx_word' id='word_1_11' title='bbox 121 320 321 371; x_wconf 80' lang='lat' dir='ltr'>dedimus</span> <span class='ocrx_word' id='word_1_12' title='bbox 341 337 536 368; x_wconf 85' lang='lat' dir='ltr'><strong>canones</strong></span> <span class='ocrx_word' id='word_1_13' title='bbox 558 336 608 365; x_wconf 88' lang='lat' dir='ltr'><strong>ac</strong></span> <span class='ocrx_word' id='word_1_14' title='bbox 626 319 801 379; x_wconf 82' lang='lat' dir='ltr'><strong>regulas</strong></span> <span class='ocrx_word' id='word_1_15' title='bbox 826 317 878 363; x_wconf 90' lang='lat' dir='ltr'><strong>ad</strong></span> <span class='ocrx_word' id='word_1_16' title='bbox 898 315 1198 372; x_wconf 85' lang='lat' dir='ltr'><strong>iudicandum,</strong></span> <span class='ocrx_word' id='word_1_17' title='bbox 1229 316 1568 378; x_wconf 87' lang='lat' dir='ltr'><strong>intelligendum</strong></span> <span class='ocrx_word' id='word_1_18' title='bbox 1591 328 1638 363; x_wconf 86' lang='lat' dir='ltr'><strong>et</strong></span> 
     </span>
     <span class='ocr_line' id='line_1_4' title="bbox 119 385 1639 454; baseline -0.005 -16"><span class='ocrx_word' id='word_1_19' title='bbox 119 390 390 438; x_wconf 85' lang='lat' dir='ltr'><strong>vertendum</strong></span> <span class='ocrx_word' id='word_1_20' title='bbox 408 389 699 454; x_wconf 79' lang='lat' dir='ltr'><strong>pertinentes,</strong></span> <span class='ocrx_word' id='word_1_21' title='bbox 734 385 892 451; x_wconf 86' lang='lat' dir='ltr'><strong>quibus</strong></span> <span class='ocrx_word' id='word_1_22' title='bbox 913 389 1086 433; x_wconf 88' lang='lat' dir='ltr'><strong>tirones</strong></span> <span class='ocrx_word' id='word_1_23' title='bbox 1108 385 1296 431; x_wconf 73' lang='lat' dir='ltr'><strong>maxime</strong></span> <span class='ocrx_word' id='word_1_24' title='bbox 1311 395 1492 432; x_wconf 86' lang='lat' dir='ltr'><strong>utantur</strong></span> <span class='ocrx_word' id='word_1_25' title='bbox 1503 389 1639 432; x_wconf 89' lang='lat' dir='ltr'><strong>etiam</strong></span> 
     </span>
     <span class='ocr_line' id='line_1_5' title="bbox 121 453 1640 519; baseline -0.005 -14"><span class='ocrx_word' id='word_1_26' title='bbox 121 462 168 506; x_wconf 89' lang='lat' dir='ltr'><strong>in</strong></span> <span class='ocrx_word' id='word_1_27' title='bbox 189 461 280 505; x_wconf 88' lang='lat' dir='ltr'><strong>aliis</strong></span> <span class='ocrx_word' id='word_1_28' title='bbox 301 459 410 504; x_wconf 89' lang='lat' dir='ltr'><strong>locis</strong></span> <span class='ocrx_word' id='word_1_29' title='bbox 441 467 575 519; x_wconf 85' lang='lat' dir='ltr'><strong>atque</strong></span> <span class='ocrx_word' id='word_1_30' title='bbox 600 454 909 519; x_wconf 76' lang='lat' dir='ltr'>scriptoribus,</span> <span class='ocrx_word' id='word_1_31' title='bbox 954 455 1085 498; x_wconf 87' lang='lat' dir='ltr'><strong>etiam</strong></span> <span class='ocrx_word' id='word_1_32' title='bbox 1107 454 1295 509; x_wconf 85' lang='lat' dir='ltr'><strong>Latinis,</strong></span> <span class='ocrx_word' id='word_1_33' title='bbox 1331 471 1522 518; x_wconf 87' lang='lat' dir='ltr'><strong>quorum</strong></span> <span class='ocrx_word' id='word_1_34' title='bbox 1553 453 1640 499; x_wconf 85' lang='lat' dir='ltr'><strong>ser-</strong></span> 
     </span>
     <span class='ocr_line' id='line_1_6' title="bbox 121 522 1641 588; baseline -0.003 -15"><span class='ocrx_word' id='word_1_35' title='bbox 121 543 305 574; x_wconf 85' lang='lat' dir='ltr'><strong>monem</strong></span> <span class='ocrx_word' id='word_1_36' title='bbox 331 526 456 588; x_wconf 84' lang='lat' dir='ltr'><strong>saepe</strong></span> <span class='ocrx_word' id='word_1_37' title='bbox 481 541 740 587; x_wconf 84' lang='lat' dir='ltr'><strong>comparare</strong></span> <span class='ocrx_word' id='word_1_38' title='bbox 762 522 996 569; x_wconf 86' lang='lat' dir='ltr'><strong>debuimus</strong></span> <span class='ocrx_word' id='word_1_39' title='bbox 1017 533 1063 567; x_wconf 89' lang='lat' dir='ltr'><strong>et</strong></span> <span class='ocrx_word' id='word_1_40' title='bbox 1083 522 1310 585; x_wconf 85' lang='lat' dir='ltr'><strong>respicere,</strong></span> <span class='ocrx_word' id='word_1_41' title='bbox 1329 534 1518 587; x_wconf 87' lang='lat' dir='ltr'><strong>propter</strong></span> <span class='ocrx_word' id='word_1_42' title='bbox 1537 534 1641 569; x_wconf 88' lang='lat' dir='ltr'><strong>tum</strong></span> 
     </span>
     <span class='ocr_line' id='line_1_7' title="bbox 119 588 1642 651; baseline -0.001 -11"><span class='ocrx_word' id='word_1_43' title='bbox 119 593 383 640; x_wconf 77' lang='lat' dir='ltr'><strong>Verfionem</strong></span> <span class='ocrx_word' id='word_1_44' title='bbox 402 593 610 651; x_wconf 84' lang='lat' dir='ltr'><strong>Bergleri,</strong></span> <span class='ocrx_word' id='word_1_45' title='bbox 645 603 743 637; x_wconf 87' lang='lat' dir='ltr'><strong>tum</strong></span> <span class='ocrx_word' id='word_1_46' title='bbox 761 588 915 637; x_wconf 79' lang='lat' dir='ltr'><strong>Nostri</strong></span> <span class='ocrx_word' id='word_1_47' title='bbox 935 588 1148 636; x_wconf 83' lang='lat' dir='ltr'><strong>scribendi</strong></span> <span class='ocrx_word' id='word_1_48' title='bbox 1169 607 1325 651; x_wconf 85' lang='lat' dir='ltr'><strong>genus,</strong></span> <span class='ocrx_word' id='word_1_49' title='bbox 1362 591 1417 637; x_wconf 87' lang='lat' dir='ltr'><strong>ad</strong></span> <span class='ocrx_word' id='word_1_50' title='bbox 1435 593 1642 638; x_wconf 77' lang='lat' dir='ltr'>Latinam</span> 
     </span>
     <span class='ocr_line' id='line_1_8' title="bbox 119 657 820 724; baseline -0.006 -16"><span class='ocrx_word' id='word_1_51' title='bbox 119 662 367 720; x_wconf 77' lang='lat' dir='ltr'>analogiam</span> <span class='ocrx_word' id='word_1_52' title='bbox 387 660 556 724; x_wconf 86' lang='lat' dir='ltr'><strong>saepius</strong></span> <span class='ocrx_word' id='word_1_53' title='bbox 584 657 820 706; x_wconf 56' lang='lat' dir='ltr'><strong>delefficum.</strong></span> 
     </span>
    </p>

    <p class='ocr_par' dir='ltr' id='par_1_3' title="bbox 120 724 1653 2703">
     <span class='ocr_line' id='line_1_9' title="bbox 256 724 1643 792; baseline -0.001 -17"><span class='ocrx_word' id='word_1_54' title='bbox 256 728 341 775; x_wconf 86' lang='lat' dir='ltr'><strong>Sed</strong></span> <span class='ocrx_word' id='word_1_55' title='bbox 361 746 474 792; x_wconf 87' lang='lat' dir='ltr'><strong>quae</strong></span> <span class='ocrx_word' id='word_1_56' title='bbox 495 731 648 774; x_wconf 86' lang='lat' dir='ltr'><strong>Notae</strong></span> <span class='ocrx_word' id='word_1_57' title='bbox 675 727 729 774; x_wconf 85' lang='lat' dir='ltr'><strong>ad</strong></span> <span class='ocrx_word' id='word_1_58' title='bbox 756 724 1121 789; x_wconf 80' lang='lat' dir='ltr'><strong>grammatisticen</strong></span> <span class='ocrx_word' id='word_1_59' title='bbox 1148 742 1198 772; x_wconf 89' lang='lat' dir='ltr'><strong>ac</strong></span> <span class='ocrx_word' id='word_1_60' title='bbox 1216 726 1403 787; x_wconf 80' lang='lat' dir='ltr'><strong>vulgaris</strong></span> <span class='ocrx_word' id='word_1_61' title='bbox 1424 738 1643 788; x_wconf 65' lang='lat' dir='ltr'><strong>gramma-⁴</strong></span> 
     </span>
     <span class='ocr_line' id='line_1_10' title="bbox 120 795 1641 860; baseline -0.001 -17"><span class='ocrx_word' id='word_1_62' title='bbox 120 799 234 844; x_wconf 84' lang='lat' dir='ltr'><strong>ticae</strong></span> <span class='ocrx_word' id='word_1_63' title='bbox 252 797 428 858; x_wconf 81' lang='lat' dir='ltr'><strong>regulas</strong></span> <span class='ocrx_word' id='word_1_64' title='bbox 450 796 684 858; x_wconf 80' lang='lat' dir='ltr'><strong>causasque</strong></span> <span class='ocrx_word' id='word_1_65' title='bbox 705 799 943 860; x_wconf 83' lang='lat' dir='ltr'><strong>pertinent,</strong></span> <span class='ocrx_word' id='word_1_66' title='bbox 979 804 1030 841; x_wconf 85' lang='lat' dir='ltr'><strong>ut</strong></span> <span class='ocrx_word' id='word_1_67' title='bbox 1042 811 1145 840; x_wconf 90' lang='lat' dir='ltr'><strong>cum</strong></span> <span class='ocrx_word' id='word_1_68' title='bbox 1161 796 1388 856; x_wconf 87' lang='lat' dir='ltr'><strong>quaeritur</strong></span> <span class='ocrx_word' id='word_1_69' title='bbox 1408 796 1462 841; x_wconf 88' lang='lat' dir='ltr'><strong>de</strong></span> <span class='ocrx_word' id='word_1_70' title='bbox 1480 795 1641 842; x_wconf 71' lang='grc' dir='ltr'>1·εᾶἰο-</span> 
     </span>
     <span class='ocr_line' id='line_1_11' title="bbox 120 863 1642 928; baseline 0 -18"><span class='ocrx_word' id='word_1_71' title='bbox 120 884 179 913; x_wconf 90' lang='lat' dir='ltr'><strong>ne</strong></span> <span class='ocrx_word' id='word_1_72' title='bbox 198 876 420 912; x_wconf 84' lang='lat' dir='ltr'><strong>certarum</strong></span> <span class='ocrx_word' id='word_1_73' title='bbox 448 867 655 928; x_wconf 83' lang='lat' dir='ltr'><strong>partium,</strong></span> <span class='ocrx_word' id='word_1_74' title='bbox 686 882 725 909; x_wconf 89' lang='lat' dir='ltr'><strong>v.</strong></span> <span class='ocrx_word' id='word_1_75' title='bbox 749 881 782 910; x_wconf 92' lang='lat' dir='ltr'><strong>c.</strong></span> <span class='ocrx_word' id='word_1_76' title='bbox 804 864 860 909; x_wconf 88' lang='lat' dir='ltr'><strong>de</strong></span> <span class='ocrx_word' id='word_1_77' title='bbox 881 869 1063 916; x_wconf 67' lang='grc' dir='ltr'><strong>πλεῖς-ος</strong></span> <span class='ocrx_word' id='word_1_78' title='bbox 1082 873 1126 908; x_wconf 81' lang='lat' dir='ltr'><strong>et</strong></span> <span class='ocrx_word' id='word_1_79' title='bbox 1144 863 1206 917; x_wconf 68' lang='grc' dir='ltr'><strong>τὶς</strong></span> <span class='ocrx_word' id='word_1_80' title='bbox 1224 880 1329 909; x_wconf 90' lang='lat' dir='ltr'><strong>cum</strong></span> <span class='ocrx_word' id='word_1_81' title='bbox 1352 865 1560 924; x_wconf 86' lang='lat' dir='ltr'><strong>genitivo,</strong></span> <span class='ocrx_word' id='word_1_82' title='bbox 1594 866 1642 910; x_wconf 82' lang='lat' dir='ltr'><strong>it.</strong></span> 
     </span>
     <span class='ocr_line' id='line_1_12' title="bbox 121 929 1642 993; baseline -0.001 -13"><span class='ocrx_word' id='word_1_83' title='bbox 121 933 362 981; x_wconf 81' lang='lat' dir='ltr'><strong>verborum</strong></span> <span class='ocrx_word' id='word_1_84' title='bbox 383 948 486 977; x_wconf 89' lang='lat' dir='ltr'><strong>cum</strong></span> <span class='ocrx_word' id='word_1_85' title='bbox 508 945 631 978; x_wconf 84' lang='lat' dir='ltr'><strong>certo</strong></span> <span class='ocrx_word' id='word_1_86' title='bbox 652 931 747 977; x_wconf 86' lang='lat' dir='ltr'><strong>casu</strong></span> <span class='ocrx_word' id='word_1_87' title='bbox 769 932 940 992; x_wconf 82' lang='lat' dir='ltr'><strong>aliquo,</strong></span> <span class='ocrx_word' id='word_1_88' title='bbox 975 942 1053 975; x_wconf 72' lang='lat' dir='ltr'><strong>aut</strong></span> <span class='ocrx_word' id='word_1_89' title='bbox 1080 929 1135 974; x_wconf 86' lang='lat' dir='ltr'><strong>de</strong></span> <span class='ocrx_word' id='word_1_90' title='bbox 1161 929 1383 993; x_wconf 81' lang='lat' dir='ltr'><strong>elliplibus</strong></span> <span class='ocrx_word' id='word_1_91' title='bbox 1406 943 1452 978; x_wconf 87' lang='lat' dir='ltr'><strong>et</strong></span> <span class='ocrx_word' id='word_1_92' title='bbox 1476 931 1642 979; x_wconf 79' lang='lat' dir='ltr'><strong>omiffis</strong></span> 
     </span>
     <span class='ocr_line' id='line_1_13' title="bbox 122 997 1643 1063; baseline 0 -16"><span class='ocrx_word' id='word_1_93' title='bbox 122 1000 352 1047; x_wconf 81' lang='lat' dir='ltr'><strong>vocabulis</strong></span> <span class='ocrx_word' id='word_1_94' title='bbox 372 1000 631 1062; x_wconf 85' lang='lat' dir='ltr'><strong>quibusdam</strong></span> <span class='ocrx_word' id='word_1_95' title='bbox 647 1035 657 1052; x_wconf 89' lang='lat'><strong>,</strong></span> <span class='ocrx_word' id='word_1_96' title='bbox 698 1002 808 1063; x_wconf 84' lang='lat' dir='ltr'><strong>(quo</strong></span> <span class='ocrx_word' id='word_1_97' title='bbox 830 1000 875 1044; x_wconf 90' lang='lat' dir='ltr'><strong>in</strong></span> <span class='ocrx_word' id='word_1_98' title='bbox 901 1014 1066 1057; x_wconf 83' lang='lat' dir='ltr'><strong>genere</strong></span> <span class='ocrx_word' id='word_1_99' title='bbox 1085 997 1210 1061; x_wconf 85' lang='lat' dir='ltr'><strong>saepe</strong></span> <span class='ocrx_word' id='word_1_100' title='bbox 1228 998 1356 1044; x_wconf 89' lang='lat' dir='ltr'><strong>licuit</strong></span> <span class='ocrx_word' id='word_1_101' title='bbox 1373 1000 1643 1063; x_wconf 83' lang='lat' dir='ltr'><strong>locupletari</strong></span> 
     </span>
     <span class='ocr_line' id='line_1_14' title="bbox 123 1064 1645 1129; baseline 0 -14"><span class='ocrx_word' id='word_1_102' title='bbox 123 1068 355 1115; x_wconf 84' lang='lat' dir='ltr'><strong>Lamberti</strong></span> <span class='ocrx_word' id='word_1_103' title='bbox 373 1066 484 1114; x_wconf 80' lang='lat' dir='ltr'><strong>Bofii</strong></span> <span class='ocrx_word' id='word_1_104' title='bbox 503 1066 670 1112; x_wconf 82' lang='lat' dir='ltr'><strong>librum</strong></span> <span class='ocrx_word' id='word_1_105' title='bbox 683 1100 693 1120; x_wconf 84' lang='lat'><strong>,</strong></span> <span class='ocrx_word' id='word_1_106' title='bbox 724 1068 855 1112; x_wconf 86' lang='lat' dir='ltr'><strong>etiam</strong></span> <span class='ocrx_word' id='word_1_107' title='bbox 877 1064 1120 1121; x_wconf 83' lang='lat' dir='ltr'><strong>Lindneri‚)</strong></span> <span class='ocrx_word' id='word_1_108' title='bbox 1142 1076 1216 1112; x_wconf 86' lang='lat' dir='ltr'><strong>aut</strong></span> <span class='ocrx_word' id='word_1_109' title='bbox 1234 1065 1289 1111; x_wconf 87' lang='lat' dir='ltr'><strong>de</strong></span> <span class='ocrx_word' id='word_1_110' title='bbox 1307 1070 1479 1114; x_wconf 88' lang='lat' dir='ltr'><strong>ratione</strong></span> <span class='ocrx_word' id='word_1_111' title='bbox 1499 1086 1550 1115; x_wconf 88' lang='lat' dir='ltr'><strong>ac</strong></span> <span class='ocrx_word' id='word_1_112' title='bbox 1568 1086 1645 1129; x_wconf 85' lang='lat' dir='ltr'><strong>ge-</strong></span> 
     </span>
     <span class='ocr_line' id='line_1_15' title="bbox 120 1132 1643 1198; baseline 0.001 -16"><span class='ocrx_word' id='word_1_113' title='bbox 120 1153 231 1182; x_wconf 83' lang='lat' dir='ltr'><strong>nere</strong></span> <span class='ocrx_word' id='word_1_114' title='bbox 253 1146 516 1182; x_wconf 81' lang='lat' dir='ltr'><strong>accentuum</strong></span> <span class='ocrx_word' id='word_1_115' title='bbox 532 1172 543 1190; x_wconf 83' lang='lat'><strong>,</strong></span> <span class='ocrx_word' id='word_1_116' title='bbox 582 1137 713 1198; x_wconf 86' lang='lat' dir='ltr'><strong>(quos</strong></span> <span class='ocrx_word' id='word_1_117' title='bbox 736 1136 782 1180; x_wconf 91' lang='lat' dir='ltr'><strong>in</strong></span> <span class='ocrx_word' id='word_1_118' title='bbox 814 1132 960 1181; x_wconf 84' lang='lat' dir='ltr'><strong>nostra</strong></span> <span class='ocrx_word' id='word_1_119' title='bbox 979 1133 1181 1180; x_wconf 74' lang='lat' dir='ltr'><strong>editione</strong></span> <span class='ocrx_word' id='word_1_120' title='bbox 1202 1136 1467 1183; x_wconf 85' lang='lat' dir='ltr'><strong>retinuimus</strong></span> <span class='ocrx_word' id='word_1_121' title='bbox 1487 1138 1643 1184; x_wconf 88' lang='lat' dir='ltr'><strong>multis</strong></span> 
     </span>
     <span class='ocr_line' id='line_1_16' title="bbox 123 1200 1644 1270; baseline 0.003 -22"><span class='ocrx_word' id='word_1_122' title='bbox 123 1202 423 1265; x_wconf 86' lang='lat' dir='ltr'><strong>gravibusque</strong></span> <span class='ocrx_word' id='word_1_123' title='bbox 453 1203 510 1248; x_wconf 88' lang='lat' dir='ltr'><strong>de</strong></span> <span class='ocrx_word' id='word_1_124' title='bbox 541 1200 709 1264; x_wconf 79' lang='lat' dir='ltr'><strong>eaufis‚)</strong></span> <span class='ocrx_word' id='word_1_125' title='bbox 738 1203 867 1249; x_wconf 90' lang='lat' dir='ltr'><strong>huius</strong></span> <span class='ocrx_word' id='word_1_126' title='bbox 895 1203 1032 1262; x_wconf 86' lang='lat' dir='ltr'><strong>igitur</strong></span> <span class='ocrx_word' id='word_1_127' title='bbox 1052 1204 1230 1262; x_wconf 88' lang='lat' dir='ltr'><strong>generis</strong></span> <span class='ocrx_word' id='word_1_128' title='bbox 1251 1207 1427 1260; x_wconf 73' lang='lat' dir='ltr'><strong>Notae,</strong></span> <span class='ocrx_word' id='word_1_129' title='bbox 1457 1223 1563 1270; x_wconf 88' lang='lat' dir='ltr'><strong>quas</strong></span> <span class='ocrx_word' id='word_1_130' title='bbox 1595 1207 1644 1252; x_wconf 85' lang='lat' dir='ltr'><strong>li-</strong></span> 
     </span>
     <span class='ocr_line' id='line_1_17' title="bbox 122 1269 1643 1338; baseline 0.003 -21"><span class='ocrx_word' id='word_1_131' title='bbox 122 1283 221 1318; x_wconf 88' lang='lat' dir='ltr'><strong>ceat</strong></span> <span class='ocrx_word' id='word_1_132' title='bbox 244 1271 467 1336; x_wconf 87' lang='lat' dir='ltr'><strong>appellare</strong></span> <span class='ocrx_word' id='word_1_133' title='bbox 482 1275 805 1336; x_wconf 76' lang='lat' dir='ltr'><strong>grammaticas,</strong></span> <span class='ocrx_word' id='word_1_134' title='bbox 846 1269 1244 1333; x_wconf 85' lang='lat' dir='ltr'><strong>deprehendentur</strong></span> <span class='ocrx_word' id='word_1_135' title='bbox 1263 1273 1308 1317; x_wconf 91' lang='lat' dir='ltr'><strong>in</strong></span> <span class='ocrx_word' id='word_1_136' title='bbox 1331 1290 1471 1338; x_wconf 87' lang='lat' dir='ltr'><strong>opere</strong></span> <span class='ocrx_word' id='word_1_137' title='bbox 1489 1272 1643 1322; x_wconf 91' lang='lat' dir='ltr'><strong>nostro</strong></span> 
     </span>
     <span class='ocr_line' id='line_1_18' title="bbox 123 1337 1645 1403; baseline 0.002 -17"><span class='ocrx_word' id='word_1_138' title='bbox 123 1341 226 1387; x_wconf 88' lang='lat' dir='ltr'><strong>sane</strong></span> <span class='ocrx_word' id='word_1_139' title='bbox 248 1344 396 1395; x_wconf 80' lang='lat' dir='ltr'><strong>etiam,</strong></span> <span class='ocrx_word' id='word_1_140' title='bbox 429 1356 532 1385; x_wconf 89' lang='lat' dir='ltr'><strong>cum</strong></span> <span class='ocrx_word' id='word_1_141' title='bbox 555 1342 811 1403; x_wconf 86' lang='lat' dir='ltr'><strong>pertineant</strong></span> <span class='ocrx_word' id='word_1_142' title='bbox 829 1339 882 1385; x_wconf 89' lang='lat' dir='ltr'><strong>ad</strong></span> <span class='ocrx_word' id='word_1_143' title='bbox 904 1337 1056 1385; x_wconf 85' lang='lat' dir='ltr'><strong>iustam</strong></span> <span class='ocrx_word' id='word_1_144' title='bbox 1071 1341 1330 1387; x_wconf 80' lang='lat' dir='ltr'><strong>Graecitatis</strong></span> <span class='ocrx_word' id='word_1_145' title='bbox 1350 1344 1572 1398; x_wconf 83' lang='lat' dir='ltr'><strong>notitiam,</strong></span> <span class='ocrx_word' id='word_1_146' title='bbox 1599 1354 1645 1390; x_wconf 87' lang='lat' dir='ltr'><strong>et</strong></span> 
     </span>
     <span class='ocr_line' id='line_1_19' title="bbox 121 1405 1647 1471; baseline 0.002 -16"><span class='ocrx_word' id='word_1_147' title='bbox 121 1425 236 1471; x_wconf 87' lang='lat' dir='ltr'><strong>quae</strong></span> <span class='ocrx_word' id='word_1_148' title='bbox 265 1407 410 1454; x_wconf 78' lang='lat' dir='ltr'><strong>causas</strong></span> <span class='ocrx_word' id='word_1_149' title='bbox 439 1405 626 1453; x_wconf 87' lang='lat' dir='ltr'><strong>reddere</strong></span> <span class='ocrx_word' id='word_1_150' title='bbox 655 1419 792 1471; x_wconf 85' lang='lat' dir='ltr'><strong>queat</strong></span> <span class='ocrx_word' id='word_1_151' title='bbox 820 1425 858 1453; x_wconf 90' lang='lat' dir='ltr'><strong>v.</strong></span> <span class='ocrx_word' id='word_1_152' title='bbox 881 1423 944 1468; x_wconf 83' lang='lat' dir='ltr'><strong>gr.</strong></span> <span class='ocrx_word' id='word_1_153' title='bbox 976 1405 1337 1466; x_wconf 69' lang='lat' dir='ltr'><strong>construffionis,</strong></span> <span class='ocrx_word' id='word_1_154' title='bbox 1384 1411 1647 1459; x_wconf 87' lang='lat' dir='ltr'><strong>tolerandae</strong></span> 
     </span>
     <span class='ocr_line' id='line_1_20' title="bbox 122 1473 1646 1543; baseline 0.003 -21"><span class='ocrx_word' id='word_1_155' title='bbox 122 1476 224 1522; x_wconf 88' lang='lat' dir='ltr'><strong>illae</strong></span> <span class='ocrx_word' id='word_1_156' title='bbox 244 1486 430 1540; x_wconf 89' lang='lat' dir='ltr'><strong>propter</strong></span> <span class='ocrx_word' id='word_1_157' title='bbox 439 1478 607 1522; x_wconf 88' lang='lat' dir='ltr'><strong>tirones</strong></span> <span class='ocrx_word' id='word_1_158' title='bbox 619 1492 643 1522; x_wconf 81' lang='lat' dir='ltr'><strong>a</strong></span> <span class='ocrx_word' id='word_1_159' title='bbox 654 1473 1026 1540; x_wconf 62' lang='lat' dir='ltr'><strong>provessioribus,</strong></span> <span class='ocrx_word' id='word_1_160' title='bbox 1054 1479 1130 1540; x_wconf 83' lang='lat' dir='ltr'><strong>qui</strong></span> <span class='ocrx_word' id='word_1_161' title='bbox 1147 1475 1391 1542; x_wconf 85' lang='lat' dir='ltr'><strong>prudentes</strong></span> <span class='ocrx_word' id='word_1_162' title='bbox 1402 1491 1646 1543; x_wconf 85' lang='lat' dir='ltr'><strong>propterea</strong></span> 
     </span>
     <span class='ocr_line' id='line_1_21' title="bbox 122 1541 1646 1613; baseline 0.003 -23"><span class='ocrx_word' id='word_1_163' title='bbox 122 1561 209 1590; x_wconf 88' lang='lat' dir='ltr'><strong>nec</strong></span> <span class='ocrx_word' id='word_1_164' title='bbox 229 1541 537 1601; x_wconf 81' lang='lat' dir='ltr'><strong>offendentur,</strong></span> <span class='ocrx_word' id='word_1_165' title='bbox 571 1543 648 1590; x_wconf 91' lang='lat' dir='ltr'><strong>ubi</strong></span> <span class='ocrx_word' id='word_1_166' title='bbox 671 1543 725 1589; x_wconf 87' lang='lat' dir='ltr'><strong>ad</strong></span> <span class='ocrx_word' id='word_1_167' title='bbox 746 1545 860 1591; x_wconf 87' lang='lat' dir='ltr'><strong>latus</strong></span> <span class='ocrx_word' id='word_1_168' title='bbox 881 1543 1068 1590; x_wconf 68' lang='lat' dir='ltr'><strong>aliorum</strong></span> <span class='ocrx_word' id='word_1_169' title='bbox 1093 1547 1525 1602; x_wconf 84' lang='lat' dir='ltr'><strong>Grammaticorum,</strong></span> <span class='ocrx_word' id='word_1_170' title='bbox 1567 1550 1646 1613; x_wconf 87' lang='lat' dir='ltr'><strong>qui</strong></span> 
     </span>
     <span class='ocr_line' id='line_1_22' title="bbox 123 1612 1647 1676; baseline 0.004 -19"><span class='ocrx_word' id='word_1_171' title='bbox 123 1614 285 1658; x_wconf 79' lang='lat' dir='ltr'><strong>eximie</strong></span> <span class='ocrx_word' id='word_1_172' title='bbox 320 1612 634 1672; x_wconf 85' lang='lat' dir='ltr'><strong>intelliguntur</strong></span> <span class='ocrx_word' id='word_1_173' title='bbox 678 1626 723 1658; x_wconf 88' lang='lat' dir='ltr'><strong>et</strong></span> <span class='ocrx_word' id='word_1_174' title='bbox 758 1622 996 1668; x_wconf 85' lang='lat' dir='ltr'><strong>vocantur,</strong></span> <span class='ocrx_word' id='word_1_175' title='bbox 1050 1616 1314 1661; x_wconf 81' lang='lat' dir='ltr'><strong>Batavorum</strong></span> <span class='ocrx_word' id='word_1_176' title='bbox 1329 1652 1340 1669; x_wconf 93' lang='lat'>‚</span> <span class='ocrx_word' id='word_1_177' title='bbox 1358 1639 1361 1648; x_wconf 84' lang='lat'>=</span> <span class='ocrx_word' id='word_1_178' title='bbox 1376 1617 1647 1676; x_wconf 84' lang='lat' dir='ltr'><strong>Anglorum‚</strong></span> 
     </span>
     <span class='ocr_line' id='line_1_23' title="bbox 125 1678 1647 1748; baseline 0.003 -20"><span class='ocrx_word' id='word_1_179' title='bbox 125 1682 486 1734; x_wconf 85' lang='lat' dir='ltr'><strong>Germanorum,</strong></span> <span class='ocrx_word' id='word_1_180' title='bbox 531 1679 739 1726; x_wconf 85' lang='lat' dir='ltr'><strong>incedere</strong></span> <span class='ocrx_word' id='word_1_181' title='bbox 767 1679 944 1726; x_wconf 83' lang='lat' dir='ltr'><strong>videant</strong></span> <span class='ocrx_word' id='word_1_182' title='bbox 972 1678 1146 1728; x_wconf 78' lang='lat' dir='ltr'><strong>Poffelii</strong></span> <span class='ocrx_word' id='word_1_183' title='bbox 1176 1683 1514 1748; x_wconf 85' lang='lat' dir='ltr'><strong>Calligraphiam</strong></span> <span class='ocrx_word' id='word_1_184' title='bbox 1549 1687 1647 1745; x_wconf 88' lang='lat' dir='ltr'><strong>(ubi</strong></span> 
     </span>
     <span class='ocr_line' id='line_1_24' title="bbox 123 1747 1645 1815; baseline 0.003 -20"><span class='ocrx_word' id='word_1_185' title='bbox 123 1760 275 1795; x_wconf 86' lang='lat' dir='ltr'><strong>tamen</strong></span> <span class='ocrx_word' id='word_1_186' title='bbox 309 1750 456 1812; x_wconf 88' lang='lat' dir='ltr'><strong>reperi</strong></span> <span class='ocrx_word' id='word_1_187' title='bbox 492 1748 697 1802; x_wconf 87' lang='lat' dir='ltr'><strong>subinde,</strong></span> <span class='ocrx_word' id='word_1_188' title='bbox 740 1747 902 1812; x_wconf 87' lang='lat' dir='ltr'><strong>quibus</strong></span> <span class='ocrx_word' id='word_1_189' title='bbox 942 1761 1112 1795; x_wconf 85' lang='lat' dir='ltr'><strong>careret</strong></span> <span class='ocrx_word' id='word_1_190' title='bbox 1141 1751 1356 1815; x_wconf 89' lang='lat' dir='ltr'><strong>Stephani</strong></span> <span class='ocrx_word' id='word_1_191' title='bbox 1387 1753 1645 1800; x_wconf 82' lang='lat' dir='ltr'><strong>Thesaurus</strong></span> 
     </span>
     <span class='ocr_line' id='line_1_25' title="bbox 123 1816 1646 1880; baseline 0.005 -20"><span class='ocrx_word' id='word_1_192' title='bbox 123 1816 254 1879; x_wconf 85' lang='lat' dir='ltr'><strong>ipse,)</strong></span> <span class='ocrx_word' id='word_1_193' title='bbox 274 1819 551 1878; x_wconf 80' lang='lat' dir='ltr'><strong>etSyntaxin,</strong></span> <span class='ocrx_word' id='word_1_194' title='bbox 584 1818 682 1880; x_wconf 84' lang='lat' dir='ltr'><strong>(qui</strong></span> <span class='ocrx_word' id='word_1_195' title='bbox 701 1816 881 1879; x_wconf 87' lang='lat' dir='ltr'><strong>quidem</strong></span> <span class='ocrx_word' id='word_1_196' title='bbox 902 1817 1077 1863; x_wconf 83' lang='lat' dir='ltr'><strong>libellus</strong></span> <span class='ocrx_word' id='word_1_197' title='bbox 1099 1817 1174 1864; x_wconf 91' lang='lat' dir='ltr'><strong>diu</strong></span> <span class='ocrx_word' id='word_1_198' title='bbox 1199 1822 1374 1871; x_wconf 85' lang='lat' dir='ltr'><strong>meruit,</strong></span> <span class='ocrx_word' id='word_1_199' title='bbox 1406 1832 1457 1866; x_wconf 89' lang='lat' dir='ltr'><strong>ut</strong></span> <span class='ocrx_word' id='word_1_200' title='bbox 1475 1820 1646 1869; x_wconf 70' lang='lat' dir='ltr'><strong>auffior</strong></span> 
     </span>
     <span class='ocr_line' id='line_1_26' title="bbox 129 1882 1649 1942; baseline 0.005 -14"><span class='ocrx_word' id='word_1_201' title='bbox 129 1882 370 1942; x_wconf 56' lang='lat' dir='ltr'><strong>ederetun)</strong></span> <span class='ocrx_word' id='word_1_202' title='bbox 392 1894 440 1928; x_wconf 84' lang='lat' dir='ltr'><strong>ut</strong></span> <span class='ocrx_word' id='word_1_203' title='bbox 462 1900 566 1938; x_wconf 86' lang='lat' dir='ltr'><strong>nec,</strong></span> <span class='ocrx_word' id='word_1_204' title='bbox 600 1883 630 1929; x_wconf 81' lang='lat' dir='ltr'>fi</span> <span class='ocrx_word' id='word_1_205' title='bbox 650 1885 850 1938; x_wconf 84' lang='lat' dir='ltr'><strong>videant,</strong></span> <span class='ocrx_word' id='word_1_206' title='bbox 892 1885 1086 1931; x_wconf 90' lang='lat' dir='ltr'><strong>conferri</strong></span> <span class='ocrx_word' id='word_1_207' title='bbox 1117 1904 1140 1932; x_wconf 88' lang='lat' dir='ltr'><strong>a</strong></span> <span class='ocrx_word' id='word_1_208' title='bbox 1159 1887 1288 1934; x_wconf 92' lang='lat' dir='ltr'><strong>nobis</strong></span> <span class='ocrx_word' id='word_1_209' title='bbox 1312 1891 1502 1937; x_wconf 83' lang='lat' dir='ltr'><strong>Gesneri</strong></span> <span class='ocrx_word' id='word_1_210' title='bbox 1523 1894 1567 1935; x_wconf 86' lang='lat' dir='ltr'>T</span> <span class='ocrx_word' id='word_1_211' title='bbox 1571 1891 1649 1936; x_wconf 87' lang='lat' dir='ltr'><strong>he-</strong></span> 
     </span>
     <span class='ocr_line' id='line_1_27' title="bbox 128 1950 1645 2017; baseline 0.006 -21"><span class='ocrx_word' id='word_1_212' title='bbox 128 1951 306 1997; x_wconf 86' lang='lat' dir='ltr'><strong>saurum</strong></span> <span class='ocrx_word' id='word_1_213' title='bbox 328 1950 505 2010; x_wconf 79' lang='lat' dir='ltr'><strong>linguae</strong></span> <span class='ocrx_word' id='word_1_214' title='bbox 527 1953 711 1996; x_wconf 83' lang='lat' dir='ltr'><strong>Latinae</strong></span> <span class='ocrx_word' id='word_1_215' title='bbox 731 1951 784 1997; x_wconf 87' lang='lat' dir='ltr'><strong>ad</strong></span> <span class='ocrx_word' id='word_1_216' title='bbox 804 1953 874 1997; x_wconf 88' lang='lat' dir='ltr'><strong>vel</strong></span> <span class='ocrx_word' id='word_1_217' title='bbox 894 1952 1139 2000; x_wconf 85' lang='lat' dir='ltr'><strong>Herodiani</strong></span> <span class='ocrx_word' id='word_1_218' title='bbox 1166 1956 1239 2002; x_wconf 90' lang='lat' dir='ltr'><strong>vel</strong></span> <span class='ocrx_word' id='word_1_219' title='bbox 1259 1957 1457 2017; x_wconf 87' lang='lat' dir='ltr'><strong>Bergleri</strong></span> <span class='ocrx_word' id='word_1_220' title='bbox 1481 1960 1645 2005; x_wconf 82' lang='lat' dir='ltr'><strong>Latini·</strong></span> 
     </span>
     <span class='ocr_line' id='line_1_28' title="bbox 127 2017 1646 2088; baseline 0.005 -24"><span class='ocrx_word' id='word_1_221' title='bbox 127 2028 264 2064; x_wconf 85' lang='lat' dir='ltr'><strong>tatem</strong></span> <span class='ocrx_word' id='word_1_222' title='bbox 279 2054 289 2073; x_wconf 88' lang='lat'>‚</span> <span class='ocrx_word' id='word_1_223' title='bbox 323 2020 453 2063; x_wconf 74' lang='lat' dir='ltr'><strong>etiam</strong></span> <span class='ocrx_word' id='word_1_224' title='bbox 477 2036 532 2064; x_wconf 89' lang='lat' dir='ltr'><strong>eo</strong></span> <span class='ocrx_word' id='word_1_225' title='bbox 555 2017 750 2075; x_wconf 80' lang='lat' dir='ltr'><strong>consilio,</strong></span> <span class='ocrx_word' id='word_1_226' title='bbox 785 2030 837 2065; x_wconf 88' lang='lat' dir='ltr'><strong>ut</strong></span> <span class='ocrx_word' id='word_1_227' title='bbox 856 2020 986 2066; x_wconf 90' lang='lat' dir='ltr'><strong>huius</strong></span> <span class='ocrx_word' id='word_1_228' title='bbox 1006 2020 1259 2084; x_wconf 88' lang='lat' dir='ltr'><strong>posterioris</strong></span> <span class='ocrx_word' id='word_1_229' title='bbox 1281 2037 1491 2088; x_wconf 83' lang='lat' dir='ltr'><strong>appareat</strong></span> <span class='ocrx_word' id='word_1_230' title='bbox 1511 2028 1646 2073; x_wconf 87' lang='lat' dir='ltr'><strong>inter·</strong></span> 
     </span>
     <span class='ocr_line' id='line_1_29' title="bbox 126 2085 1648 2155; baseline 0.007 -25"><span class='ocrx_word' id='word_1_231' title='bbox 126 2085 331 2150; x_wconf 84' lang='lat' dir='ltr'><strong>pretandi</strong></span> <span class='ocrx_word' id='word_1_232' title='bbox 351 2086 580 2145; x_wconf 83' lang='lat' dir='ltr'><strong>diligentia</strong></span> <span class='ocrx_word' id='word_1_233' title='bbox 602 2099 648 2132; x_wconf 90' lang='lat' dir='ltr'><strong>et</strong></span> <span class='ocrx_word' id='word_1_234' title='bbox 669 2089 919 2150; x_wconf 87' lang='lat' dir='ltr'><strong>prudentia,</strong></span> <span class='ocrx_word' id='word_1_235' title='bbox 957 2091 1033 2151; x_wconf 86' lang='lat' dir='ltr'><strong>qui</strong></span> <span class='ocrx_word' id='word_1_236' title='bbox 1055 2089 1321 2155; x_wconf 88' lang='lat' dir='ltr'><strong>plerumque</strong></span> <span class='ocrx_word' id='word_1_237' title='bbox 1343 2092 1557 2153; x_wconf 72' lang='lat' dir='ltr'><strong>delegerit</strong></span> <span class='ocrx_word' id='word_1_238' title='bbox 1569 2099 1648 2142; x_wconf 90' lang='lat' dir='ltr'><strong>La·</strong></span> 
     </span>
     <span class='ocr_line' id='line_1_30' title="bbox 126 2153 1647 2219; baseline 0.006 -19"><span class='ocrx_word' id='word_1_239' title='bbox 126 2155 219 2200; x_wconf 81' lang='lat' dir='ltr'><strong>tina</strong></span> <span class='ocrx_word' id='word_1_240' title='bbox 249 2153 487 2210; x_wconf 83' lang='lat' dir='ltr'><strong>vocabula,</strong></span> <span class='ocrx_word' id='word_1_241' title='bbox 531 2171 643 2217; x_wconf 81' lang='lat' dir='ltr'><strong>quae</strong></span> <span class='ocrx_word' id='word_1_242' title='bbox 671 2173 694 2200; x_wconf 89' lang='lat' dir='ltr'><strong>a</strong></span> <span class='ocrx_word' id='word_1_243' title='bbox 723 2158 928 2204; x_wconf 86' lang='lat' dir='ltr'><strong>Gesnero</strong></span> <span class='ocrx_word' id='word_1_244' title='bbox 950 2156 1244 2219; x_wconf 87' lang='lat' dir='ltr'><strong>proferuntur</strong></span> <span class='ocrx_word' id='word_1_245' title='bbox 1272 2176 1297 2204; x_wconf 90' lang='lat' dir='ltr'><strong>e</strong></span> <span class='ocrx_word' id='word_1_246' title='bbox 1318 2159 1544 2208; x_wconf 78' lang='lat' dir='ltr'><strong>Gloffariis</strong></span> <span class='ocrx_word' id='word_1_247' title='bbox 1576 2181 1647 2209; x_wconf 89' lang='lat' dir='ltr'><strong>ve-</strong></span> 
     </span>
     <span class='ocr_line' id='line_1_31' title="bbox 124 2219 1646 2290; baseline 0.007 -22"><span class='ocrx_word' id='word_1_248' title='bbox 124 2219 250 2268; x_wconf 79' lang='lat' dir='ltr'><strong>tustis</strong></span> <span class='ocrx_word' id='word_1_249' title='bbox 275 2238 376 2268; x_wconf 90' lang='lat' dir='ltr'><strong>cum</strong></span> <span class='ocrx_word' id='word_1_250' title='bbox 400 2224 582 2271; x_wconf 84' lang='lat' dir='ltr'><strong>Graecis</strong></span> <span class='ocrx_word' id='word_1_251' title='bbox 604 2224 787 2270; x_wconf 87' lang='lat' dir='ltr'><strong>vocibus</strong></span> <span class='ocrx_word' id='word_1_252' title='bbox 807 2225 894 2271; x_wconf 88' lang='lat' dir='ltr'><strong>illis</strong></span> <span class='ocrx_word' id='word_1_253' title='bbox 916 2223 1038 2289; x_wconf 60' lang='lat' dir='ltr'><strong>ipsis»,</strong></span> <span class='ocrx_word' id='word_1_254' title='bbox 1081 2243 1104 2271; x_wconf 94' lang='lat' dir='ltr'><strong>a</strong></span> <span class='ocrx_word' id='word_1_255' title='bbox 1122 2226 1332 2290; x_wconf 84' lang='lat' dir='ltr'><strong>scriptore</strong></span> <span class='ocrx_word' id='word_1_256' title='bbox 1352 2228 1503 2276; x_wconf 85' lang='lat' dir='ltr'><strong>nostro</strong></span> <span class='ocrx_word' id='word_1_257' title='bbox 1524 2231 1646 2279; x_wconf 84' lang='lat' dir='ltr'><strong>adhi-</strong></span> 
     </span>
     <span class='ocr_line' id='line_1_32' title="bbox 127 2287 1647 2355; baseline 0.008 -20"><span class='ocrx_word' id='word_1_258' title='bbox 127 2287 254 2345; x_wconf 76' lang='lat' dir='ltr'><strong>bitis3</strong></span> <span class='ocrx_word' id='word_1_259' title='bbox 296 2289 417 2336; x_wconf 85' lang='lat' dir='ltr'><strong>unde</strong></span> <span class='ocrx_word' id='word_1_260' title='bbox 453 2290 560 2337; x_wconf 83' lang='lat' dir='ltr'><strong>fides</strong></span> <span class='ocrx_word' id='word_1_261' title='bbox 589 2293 826 2355; x_wconf 87' lang='lat' dir='ltr'><strong>interpreti</strong></span> <span class='ocrx_word' id='word_1_262' title='bbox 858 2293 1071 2353; x_wconf 85' lang='lat' dir='ltr'><strong>Berglero</strong></span> <span class='ocrx_word' id='word_1_263' title='bbox 1112 2295 1293 2343; x_wconf 87' lang='lat' dir='ltr'><strong>accedit.</strong></span> <span class='ocrx_word' id='word_1_264' title='bbox 1370 2298 1457 2344; x_wconf 88' lang='lat' dir='ltr'><strong>Sed</strong></span> <span class='ocrx_word' id='word_1_265' title='bbox 1494 2301 1570 2347; x_wconf 87' lang='lat' dir='ltr'><strong>ubi</strong></span> <span class='ocrx_word' id='word_1_266' title='bbox 1600 2303 1647 2347; x_wconf 91' lang='lat' dir='ltr'><strong>in</strong></span> 
     </span>
     <span class='ocr_line' id='line_1_33' title="bbox 133 2357 1649 2422; baseline 0.008 -18"><span class='ocrx_word' id='word_1_267' title='bbox 133 2358 272 2404; x_wconf 74' lang='lat' dir='ltr'><strong>Gesn.</strong></span> <span class='ocrx_word' id='word_1_268' title='bbox 305 2357 537 2405; x_wconf 88' lang='lat' dir='ltr'><strong>Thesauro</strong></span> <span class='ocrx_word' id='word_1_269' title='bbox 569 2358 620 2405; x_wconf 82' lang='lat' dir='ltr'><strong>ad</strong></span> <span class='ocrx_word' id='word_1_270' title='bbox 642 2363 734 2406; x_wconf 86' lang='lat' dir='ltr'><strong>Lat.</strong></span> <span class='ocrx_word' id='word_1_271' title='bbox 755 2362 953 2422; x_wconf 80' lang='lat' dir='ltr'><strong>Bergleri</strong></span> <span class='ocrx_word' id='word_1_272' title='bbox 985 2373 1109 2407; x_wconf 85' lang='lat' dir='ltr'><strong>erant</strong></span> <span class='ocrx_word' id='word_1_273' title='bbox 1131 2364 1302 2410; x_wconf 86' lang='lat' dir='ltr'><strong>Graeca</strong></span> <span class='ocrx_word' id='word_1_274' title='bbox 1323 2376 1398 2412; x_wconf 87' lang='lat' dir='ltr'><strong>aut</strong></span> <span class='ocrx_word' id='word_1_275' title='bbox 1415 2368 1540 2414; x_wconf 86' lang='lat' dir='ltr'><strong>nulla</strong></span> <span class='ocrx_word' id='word_1_276' title='bbox 1571 2379 1649 2415; x_wconf 85' lang='lat' dir='ltr'><strong>aut</strong></span> 
     </span>
     <span class='ocr_line' id='line_1_34' title="bbox 130 2425 1648 2488; baseline 0.008 -17"><span class='ocrx_word' id='word_1_277' title='bbox 130 2425 236 2471; x_wconf 84' lang='lat' dir='ltr'><strong>alia:</strong></span> <span class='ocrx_word' id='word_1_278' title='bbox 279 2425 334 2471; x_wconf 89' lang='lat' dir='ltr'><strong>de</strong></span> <span class='ocrx_word' id='word_1_279' title='bbox 361 2444 417 2472; x_wconf 90' lang='lat' dir='ltr'><strong>eo</strong></span> <span class='ocrx_word' id='word_1_280' title='bbox 436 2428 675 2482; x_wconf 80' lang='lat' dir='ltr'><strong>tacuimus,</strong></span> <span class='ocrx_word' id='word_1_281' title='bbox 711 2430 804 2485; x_wconf 85' lang='lat' dir='ltr'><strong>vel,</strong></span> <span class='ocrx_word' id='word_1_282' title='bbox 847 2428 877 2475; x_wconf 79' lang='lat' dir='ltr'><strong>si</strong></span> <span class='ocrx_word' id='word_1_283' title='bbox 899 2432 1180 2488; x_wconf 86' lang='lat' dir='ltr'><strong>monuimus,</strong></span> <span class='ocrx_word' id='word_1_284' title='bbox 1217 2444 1337 2479; x_wconf 87' lang='lat' dir='ltr'><strong>certa</strong></span> <span class='ocrx_word' id='word_1_285' title='bbox 1367 2435 1422 2482; x_wconf 92' lang='lat' dir='ltr'><strong>de</strong></span> <span class='ocrx_word' id='word_1_286' title='bbox 1451 2436 1574 2483; x_wconf 89' lang='lat' dir='ltr'><strong>causa</strong></span> <span class='ocrx_word' id='word_1_287' title='bbox 1603 2436 1648 2483; x_wconf 91' lang='lat' dir='ltr'><strong>id</strong></span> 
     </span>
     <span class='ocr_line' id='line_1_35' title="bbox 126 2491 1653 2567; baseline 0.008 -27"><span class='ocrx_word' id='word_1_288' title='bbox 126 2491 292 2540; x_wconf 58' lang='lat' dir='ltr'><strong>fat-Tium</strong></span> <span class='ocrx_word' id='word_1_289' title='bbox 315 2491 398 2550; x_wconf 89' lang='lat' dir='ltr'><strong>est,</strong></span> <span class='ocrx_word' id='word_1_290' title='bbox 433 2496 503 2541; x_wconf 80' lang='lat' dir='ltr'><strong>vel</strong></span> <span class='ocrx_word' id='word_1_291' title='bbox 525 2493 738 2559; x_wconf 85' lang='lat' dir='ltr'><strong>denique,</strong></span> <span class='ocrx_word' id='word_1_292' title='bbox 781 2495 810 2543; x_wconf 81' lang='lat' dir='ltr'><strong>si</strong></span> <span class='ocrx_word' id='word_1_293' title='bbox 829 2499 945 2543; x_wconf 89' lang='lat' dir='ltr'><strong>inter</strong></span> <span class='ocrx_word' id='word_1_294' title='bbox 965 2499 1327 2548; x_wconf 86' lang='lat' dir='ltr'><strong>contrahendum</strong></span> <span class='ocrx_word' id='word_1_295' title='bbox 1349 2513 1395 2548; x_wconf 88' lang='lat' dir='ltr'><strong>et</strong></span> <span class='ocrx_word' id='word_1_296' title='bbox 1424 2508 1653 2567; x_wconf 84' lang='lat' dir='ltr'><strong>corrigen-</strong></span> 
     </span>
     <span class='ocr_line' id='line_1_36' title="bbox 128 2559 1649 2635; baseline 0.01 -29"><span class='ocrx_word' id='word_1_297' title='bbox 128 2559 238 2607; x_wconf 89' lang='lat' dir='ltr'><strong>dum</strong></span> <span class='ocrx_word' id='word_1_298' title='bbox 260 2561 461 2608; x_wconf 85' lang='lat' dir='ltr'><strong>remansit</strong></span> <span class='ocrx_word' id='word_1_299' title='bbox 480 2564 600 2624; x_wconf 82' lang='lat' dir='ltr'><strong>quid,</strong></span> <span class='ocrx_word' id='word_1_300' title='bbox 637 2566 744 2611; x_wconf 88' lang='lat' dir='ltr'><strong>olim</strong></span> <span class='ocrx_word' id='word_1_301' title='bbox 765 2565 868 2611; x_wconf 90' lang='lat' dir='ltr'><strong>inde</strong></span> <span class='ocrx_word' id='word_1_302' title='bbox 891 2563 1175 2629; x_wconf 65' lang='lat' dir='ltr'><strong>produEium,</strong></span> <span class='ocrx_word' id='word_1_303' title='bbox 1210 2586 1310 2616; x_wconf 89' lang='lat' dir='ltr'><strong>cum</strong></span> <span class='ocrx_word' id='word_1_304' title='bbox 1327 2571 1522 2635; x_wconf 89' lang='lat' dir='ltr'><strong>elapsum</strong></span> <span class='ocrx_word' id='word_1_305' title='bbox 1541 2572 1649 2621; x_wconf 80' lang='lat' dir='ltr'><strong>esset</strong></span> 
     </span>
     <span class='ocr_line' id='line_1_37' title="bbox 128 2629 1648 2703; baseline 0.012 -29"><span class='ocrx_word' id='word_1_306' title='bbox 128 2629 316 2675; x_wconf 83' lang='lat' dir='ltr'><strong>tollendi</strong></span> <span class='ocrx_word' id='word_1_307' title='bbox 338 2629 582 2694; x_wconf 73' lang='lat' dir='ltr'><strong>proposito,</strong></span> <span class='ocrx_word' id='word_1_308' title='bbox 614 2632 657 2677; x_wconf 78' lang='lat' dir='ltr'><strong>id</strong></span> <span class='ocrx_word' id='word_1_309' title='bbox 678 2633 838 2679; x_wconf 82' lang='lat' dir='ltr'><strong>deinde</strong></span> <span class='ocrx_word' id='word_1_310' title='bbox 856 2645 1004 2680; x_wconf 85' lang='lat' dir='ltr'><strong>tamen</strong></span> <span class='ocrx_word' id='word_1_311' title='bbox 1023 2638 1070 2681; x_wconf 91' lang='lat' dir='ltr'><strong>in</strong></span> <span class='ocrx_word' id='word_1_312' title='bbox 1083 2637 1371 2700; x_wconf 87' lang='lat' dir='ltr'><strong>Corrigendis</strong></span> <span class='ocrx_word' id='word_1_313' title='bbox 1391 2639 1648 2703; x_wconf 83' lang='lat' dir='ltr'><strong>delevimus,</strong></span> 
     </span>
    </p>
   </div>
   <div class='ocr_carea' id='block_1_3' title="bbox 130 2700 1193 2769">
    <p class='ocr_par' dir='ltr' id='par_1_4' title="bbox 130 2700 1193 2769">
     <span class='ocr_line' id='line_1_38' title="bbox 130 2700 1193 2769; baseline 0.007 -23"><span class='ocrx_word' id='word_1_314' title='bbox 130 2708 182 2746; x_wconf 86' lang='lat' dir='ltr'><strong>ut</strong></span> <span class='ocrx_word' id='word_1_315' title='bbox 200 2700 1193 2769; x_wconf 50' lang='grc' dir='ltr'><strong>Ρ·ς43·1·2ῐ·[(]-956914)θῆ576-ὶ·θῒο·</strong></span> 
     </span>
    </p>
   </div>
  </div>
 </body>
</html>
