1798 3163
229 153 319 195 170
388 136 556 182 LmER
576 138 606 182 1.
639 135 763 189 CAP·
784 137 839 192 v,
879 138 931 181 A.
960 136 1217 196 v.c933.
1255 136 1389 191 CHR.
1409 138 1470 182 N.
1499 145 1603 192 180.
1740 111 1774 176 *ἕ

222 252 325 314 „nal
361 250 423 301 τοὶ
449 252 526 317 μὲν
548 250 749 321 “reb-:530⁹
769 251 865 315 ὑμῖν
888 253 958 299 αὐ-
1000 269 1081 308 23.
1116 253 1349 323 Equidem,
1405 273 1512 324 quae
1540 255 1664 324 prius
1692 274 1723 308 a
1748 295 1766 315 x

223 324 403 397 ,βξεκινς
443 328 795 397 κατοξθωθεντα
835 326 855 359 b
898 330 955 379 εἰς
991 328 1108 378 vobis
1173 328 1359 398 fortiter
1412 330 1535 399 gesta
1596 330 1722 402 sunt,
1760 327 1768 342 ‘

223 401 322 464 »τὴν
335 404 489 452 ἐκείνου
504 405 671 466 σσξῗίαν
685 403 731 451 τὲ
749 403 824 450 καὶ
850 422 955 470 ςξα-
987 403 1049 452 ad
1081 402 1188 453 illius
1214 404 1475 473 sapientiam
1517 413 1555 455 et
1591 410 1722 474 impe·
1777 425 1782 455 τ

310 544 348 588 b)
372 543 435 577 Hic
458 553 585 575 comma
603 541 667 574 fine
687 540 873 573 necestitate
891 541 956 573 fuit
974 541 1006 573 in
1026 541 1102 575 edd.
1119 542 1290 580 omnibus,
1319 551 1354 575 et
1365 541 1573 575 taciteetiam
1591 542 1624 575 in
1634 543 1718 576 Msc.
1780 544 1782 546 '

221 655 375 704 proprie
393 654 458 692 ὖπδ
480 665 563 690 cum
585 653 637 690 rei
660 653 743 690 casu
760 653 974 689 adhibeatur
995 652 1036 689 in
1055 653 1291 701 exprimenda
1313 653 1598 702 propinquitate
1618 652 1722 689 loco·
1779 647 1782 650 ¹

219 717 303 741 rum
335 717 374 738 ac
402 714 634 750 temporum,
667 704 896 750 aliarumque
924 713 1066 745 retum,
1104 703 1153 738 cf.
1177 705 1262 742 Exc,
1285 705 1329 741 ad
1350 716 1380 745 ι,
1406 715 1435 746 ι,
1455 716 1488 749 4.
1509 713 1547 739 et
1565 704 1651 739 Ern.
1675 701 1722 738 ad

223 755 311 791 Call.
339 753 397 788 Di.
422 765 454 787 v.
476 762 580 798 239.,
604 764 641 788 et
664 763 747 787 cum
767 757 850 787 calu
873 751 986 797 pers,
1012 762 1056 788 ut
1075 751 1157 794 hic,
1193 753 1239 788 de
1258 752 1538 800 propinquitate
1560 763 1600 788 ac
1620 763 1723 798 prae-

219 801 340 838 sentia
361 800 516 837 alicuius
541 800 632 847 pers.
647 824 658 841 ‚
687 802 748 838 ubi
769 801 888 847 potest
907 799 951 834 ad
971 800 1113 836 sensum
1133 800 1285 848 exprimi
1311 814 1376 848 per
1399 803 1479 838 Lat.
1505 798 1721 848 particulam

220 850 431 890 cora1i1,'ut
451 849 585 886 diserte
603 849 693 886 facit
710 863 754 886 ex
771 850 806 885 h.
829 850 854 885 l.
874 849 985 884 Fisch.
1007 849 1050 883 ad
1071 850 1184 887 Well.
1204 861 1238 896 p.
1257 859 1336 895 398.
1359 863 1431 892 m.,
1464 852 1524 885 vel
1553 861 1618 896 per
1639 846 1730 893 syn·'

220 898 392 948 particip.
411 897 618 947 praesente.
639 898 664 933 s.
686 912 750 944 per
767 898 846 945 syn.
863 898 1063 934 formulam
1083 898 1190 933 subst.
1211 910 1294 935 cum
1314 911 1463 945 praep,
1494 897 1535 934 in
1557 897 1723 946 praesen,

221 949 298 989 tia,
338 946 381 983 it.
400 948 467 984 sub
486 947 603 985 oculis
627 957 666 983 ct
683 950 746 984 iub
767 946 960 993 adspestu,
996 948 1097 993 quod
1115 946 1196 984 fere
1218 947 1386 995 sequitur
1401 949 1514 989 Vern.
1535 958 1631 988 νει,
1664 958 1723 982 re·
1778 990 1780 994 Ι

220 996 401 1044 sphiente
420 996 556 1033 Nostro
576 996 620 1032 ad
640 1008 692 1042 pr.
712 997 744 1044 ᾗ.
765 1002 858 1034 ἔτεα.
883 1006 922 1031 et
941 1001 1033 1042 ἔφυς.
1048 1020 1059 1037 ,
1085 1007 1168 1031 cum
1190 994 1234 1032 fit
1251 995 1370 1038 testis,
1396 994 1463 1042 qui
1482 995 1625 1042 aliquid
1642 993 1723 1036 scit,
1766 1025 1780 1034 ,,

218 1045 336 1088 vidit,
362 1045 529 1085 audivit,
551 1056 591 1081 et
610 1046 713 1082 videt
732 1032 935 1091 auditqu&
971 1058 1008 1081 et
1032 1045 1065 1079 id
1093 1046 1138 1081 de
1159 1045 1333 1085 homine3
1368 1055 1412 1081 ut
1431 1056 1561 1080 contra
1581 1043 1629 1079 de
1648 1042 1722 1083 deo
1777 1040 1779 1050 ²

218 1095 333 1133 teste,
371 1106 514 1141 praeter
539 1094 714 1130 notitiam
740 1106 884 1133 rerum,
925 1093 1166 1141 intelligimus
1191 1093 1395 1130 adiunstam
1417 1092 1452 1129 ei
1483 1093 1721 1129 voluntatem
1777 1104 1779 1139 j

215 1143 367 1179 iuvandi
390 1155 453 1179 aut
471 1144 657 1182 nocendi,
689 1143 935 1190 praemiisque
953 1141 1137 1179 afficiendi
1155 1155 1217 1179 aut
1236 1141 1387 1189 poenis;
1413 1142 1513 1178 unde
1524 1142 1722 1182 etv-milwe

215 1205 301 1228 cum
321 1192 428 1229 subst.
446 1207 572 1237 stef-r„
595 1192 766 1228 universe
788 1204 861 1228 tarn
882 1203 1035 1239 magnus
1055 1204 1098 1227 ae
1118 1191 1310 1239 praestans,
1340 1193 1386 1228 de
1405 1191 1558 1228 homine
1568 1190 1722 1238 quidem
1777 1199 1779 1238 ξ

215 1242 266 1277 est
305 1253 372 1287 pro
410 1240 625 1288 intelligens
664 1253 704 1276 ac
733 1253 860 1281 verus,
896 1240 957 1276 sed
983 1240 1029 1276 de
1058 1242 1128 1277 deo
1155 1253 1234 1276 non
1258 1251 1404 1276 tantum
1433 1250 1507 1275 tam
1536 1239 1655 1274 sciens
1682 1247 1723 1274 et
1776 1242 1780 1283 ζ

215 1289 439 1329 omniscius,
475 1289 535 1325 sed
567 1301 606 1325 et
634 1302 709 1325 tam
737 1290 857 1325 bonus
879 1298 918 1324 et
937 1289 1141 1336 benignus,
1178 1299 1221 1325 ut
1238 1302 1295 1335 ap.
1313 1288 1438 1324 Claud.
1457 1289 1563 1334 supra
1589 1285 1722 1323 adiun·
1764 1311 1769 1338 1

215 1339 338 1379 ἂιιτης
372 1338 573 1384 sensusque
589 1338 732 1379 totius,
771 1338 907 1375 erimus
927 1337 1079 1379 felices,
1111 1337 1137 1374 si
1156 1338 1353 1374 fecerimus
1376 1337 1537 1373 officium
1561 1335 1723 1384 quisque
1776 1343 1779 1347 ’

213 1387 317 1424 suum
331 1413 343 1430 ,
370 1387 454 1435 quia
473 1386 629 1422 facimus
650 1387 744 1423 illud
764 1387 828 1424 sub
848 1386 966 1421 oculis
988 1397 1027 1422 et
1038 1386 1262 1422 conscientia
1283 1399 1354 1422 tam
1374 1385 1525 1434 benigni
1544 1382 1722 1426 numinis,
1776 1404 1779 1430 5

214 1439 315 1485 quod
336 1449 406 1472 nos
425 1447 463 1472 et
479 1435 518 1471 in
541 1437 644 1472 terris
663 1436 800 1472 amavit
821 1447 907 1471 ante
920 1461 930 1476 ‚
959 1445 998 1471 et
1017 1447 1118 1471 nunc
1139 1435 1182 1472 in
1200 1437 1307 1472 coelo
1327 1435 1463 1471 amabit
1481 1443 1637 1482 propter
1654 1444 1722 1469 ne·

213 1485 469 1522 ceffitudinem
487 1485 682 1521 nobiscum
702 1484 898 1532 pristinam.

259 1543 314 1571 καὶ
337 1539 382 1571 τὰ
409 1538 460 1578 (a.)
489 1535 570 1570 Sch.
593 1537 706 1570 modo
723 1534 764 1570 in
783 1534 866 1569 adv.
886 1533 976 1579 Me.
999 1546 1082 1570 cum
1094 1535 1183 1582 Eg„
1206 1532 1271 1581 qui
1293 1534 1445 1580 perLat.
1465 1531 1620 1579 equidem
1638 1528 1723 1568 red·
1776 1545 1778 1548 ·

215 1583 275 1621 dit
294 1594 358 1620 aut
380 1593 434 1619 καὶ
456 1589 516 1628 μὲν
536 1593 600 1618 aut
624 1590 682 1627 μὲν
703 1582 843 1624 solum,
880 1581 1025 1618 sumens
1045 1583 1147 1618 suum
1167 1595 1235 1629 pro
1255 1592 1291 1618 et
1310 1582 1446 1630 quidem
1465 1580 1490 1616 s.
1510 1592 1578 1627 pro
1606 1579 1723 1626 {impl-
1776 1614 1780 1630 ‚

212 1633 372 1680 qu.·‘dem,
397 1631 445 1667 cf.
467 1634 514 1668 G.
532 1632 604 1666 Th.
627 1643 665 1668 et
683 1632 815 1668 Schell.
835 1633 879 1667 de
902 1632 992 1678 stylo
1015 1645 1048 1678 p:
1077 1641 1152 1676 ¹93·
1173 1644 1243 1672 m.‚
1271 1632 1306 1666 P.
1328 1632 1490 1666 abeunte
1509 1641 1528 1664 a
1548 1627 1654 1675 pass..
1683 1635 1723 1663 et
1774 1650 1778 1657 -

211 1693 245 1717 v.
268 1697 299 1717 κ.
318 1680 488 1717 sumente
506 1680 544 1716 in
567 1680 671 1716 sensu
692 1681 856 1729 vulgari,
891 1691 928 1715 et
947 1691 1142 1726 propterea
1164 1679 1336 1726 copulam
1357 1677 1596 1718 intrudente,
1631 1678 1723 1712 dum
1776 1679 1778 1687 ¹

212 1740 343 1766 contra
363 1730 523 1766 versatur
538 1731 599 1777 ssg.
622 1728 663 1766 in
685 1729 757 1765 dat.
777 1741 861 1764 curn
883 1729 984 1776 pasti,
1011 1740 1056 1765 ut
1080 1741 1110 1769 1,
1131 1741 1167 1769 2,
1190 1741 1222 1772 9.
1242 1741 1296 1769 e.,
1323 1725 1475 1774 capiens
1492 1738 1529 1760 v.
1547 1724 1724 1771 fimplici-
1776 1734 1778 1753 ῑ

213 1790 272 1815 ter
295 1791 363 1826 pro
383 1790 511 1826 gerere
531 1778 554 1814 s.
574 1779 717 1819 facere,
742 1791 813 1814 nec
832 1777 943 1813 modo
968 1789 1121 1824 propter
1141 1776 1355 1813 adiunaum
1374 1773 1435 1810 hic
1458 1774 1541 1809 adv,
1556 1799 1566 1814 ,
1600 1775 1662 1810 sed
1683 1783 1723 1809 et
1774 1792 1777 1795 ·

214 1841 259 1865 ex
283 1827 350 1864 usu
368 1826 527 1863 aliorum
540 1853 549 1868 ,
580 1839 791 1875 quanquam
809 1838 888 1862 non
907 1826 1156 1866 vetustorum,
1183 1825 1426 1871 scriptorum,
1447 1822 1499 1858 cf.
1512 1823 1591 1858 Iud.
1605 1820 1722 1866 Dion.

215 1876 294 1913 Cas.
329 1880 400 1921 „17
415 1889 494 1912 rem
512 1878 608 1913 bene
628 1887 756 1924 gerere
782 1876 822 1911 in
843 1875 964 1916 bello,
998 1878 1036 1918 2)
1058 1873 1288 1921 generatim,
1321 1871 1528 1920 perficere·
1555 1873 1724 1917 (tacente

213 1927 310 1961 hanc
339 1925 541 1961 notionem
563 1926 643 1972 Stp.
665 1924 739 1960 Th.
773 1935 811 1960 et
838 1924 878 1959 L.
899 1924 1003 1969 Ern.)
1033 1922 1075 1958 it.
1094 1922 1174 1959 Zos
1198 1936 1233 1964 2,
1255 1932 1313 1969 31,
1330 1934 1356 1967 5.
1384 1923 1550 1959 διετέλεσε
1575 1919 1723 1964 πόλεμον

214 1978 329 2011 οὐδένα
348 1973 566 2020 κατορθωκῶς
581 1999 591 2015 ,
617 1985 686 2010 nec
703 1974 775 2009 iam
795 1974 936 2009 bellum
955 1973 1062 2009 ullum
1082 1971 1239 2019 amplius
1250 1971 1424 2020 gerebat,
1454 1968 1617 2016 proprie,
1641 1980 1724 2016 per-

211 2024 395 2061 severavit
411 2025 534 2059 bellum
550 2023 696 2060 nullum
710 2034 863 2070 gerere,
895 2021 920 2057 s.
941 2022 1065 2057 deinde
1083 2021 1225 2057 bellum
1243 2020 1390 2056 nullum
1418 2031 1573 2067 unquam
1599 2017 1625 2054 s.
1649 2029 1724 2053 am·
1755 2042 1765 2056 =

206 2074 304 2123 plius
318 2069 444 2120 geffit‚
482 2085 565 2108 curn
588 2082 627 2107 et
648 2072 843 2118 sequatur,
890 2067 1099 2108 ἐπελθόντων
1131 2073 1166 2108 δὲ
1195 2075 1400 2114 Galeriam,
1416 2085 1456 2095 ·-
1486 2070 1522 2104 οὐ
1540 2062 1639 2112 μόνον
1663 2071 1725 2104 οὐκ

211 2125 425 2167 ἀντετάξατο
442 2118 575 2161 τούτοις
587 2145 597 2161 ,
627 2125 717 2158 ἀλλὰ
736 2128 792 2157 καὶ
810 2141 849 2147 -
866 2122 1049 2163 ἀγαπητῶς
1068 2122 1216 2164 ἀποδρὰς
1235 2114 1399 2159 διετέθη,
1425 2129 1446 2153 e
1458 2128 1523 2163 cap
1546 2114 1598 2164 sq.
1615 2115 1637 2152 ι’.
1649 2120 1723 2158 μεί-

213 2186 270 2212 vx:
289 2173 325 2208 δὲ
339 2166 511 2213 ἀπόλεμος
528 2183 582 2212 )..,
609 2181 653 2206 ut
671 2170 733 2205 hic
753 2181 810 2216 ap.
823 2168 999 2206 Nostrum
1021 2181 1108 2204 mox
1119 2168 1171 2216 sq.
1185 2166 1264 2215 syn.
1276 2162 1455 2213 προθύμως
1476 2165 1724 2210 ἐπιδείξασθαι,

212 2219 262 2255 cf.
289 2218 324 2265 ᾗ.
350 2231 403 2265 19.
426 2219 450 2254 i.
589 2225 594 2228 '

255 2269 352 2313 σοφ.)
380 2267 437 2304 Ad
456 2266 582 2304 laudes
604 2266 719 2303 Marci
737 2265 841 2302 binas
865 2265 1016 2313 respicit
1036 2263 1194 2306 Noster,
1221 2263 1268 2299 de
1291 2263 1427 2310 quibus
1449 2275 1482 2305 1,
1505 2275 1543 2304 4,
1565 2273 1620 2298 21.
1645 2276 1725 2306 γεν·

214 2321 300 2353 ναῖον
321 2338 356 2345 -
387 2315 556 2364 §earnm-{u
586 2336 622 2344 —-
649 2322 786 2362 πατέρα
813 2314 958 2362 χρῇς-δν,
979 2333 1017 2342 -
1042 2312 1178 2358 α”γαθδν
1208 2319 1376 2357 βασιλέα,
1405 2331 1446 2339 ·-
1479 2308 1637 2357 sospena
1666 2317 1724 2348 xa}
1773 2318 1775 2322 ⁴

214 2361 352 2408 κὸσμιον
374 2362 530 2410 ἄρχοντα
551 2376 591 2402 et
606 2377 636 2407 ι,
660 2377 698 2406 2,
714 2379 747 2409 9.
775 2364 797 2400 i.
819 2363 930 2401 ‘552—
961 2368 1069 2410 ἐκείνῳ
1097 2369 1291 2408 πέπρακται
1317 2361 1452 2406 ἀνδρεῖα
1471 2370 1527 2399 καὶ
1553 2355 1726 2406 nimbum.

215 2415 419 2459 ςςατηνικῆν
442 2411 460 2456 23¹
482 2414 654 2458 πολιτικῆν
673 2412 797 2461 οἷςετῆν
816 2410 965 2458 ἔχοντα,
998 2411 1022 2447 fi
1040 2417 1162 2457 σοφίαν
1178 2411 1215 2446 h.
1237 2411 1261 2446 Ι.
1283 2409 1400 2447 sumas
1420 2423 1487 2457 pro
1507 2408 1640 2457 peritia
1659 2407 1725 2443 ad·

214 2462 541 2499 ministrandorum
570 2463 672 2499 domi
702 2462 945 2510 negotiorum
979 2460 1234 2507 publicorum,
1270 2469 1315 2495 ut
1343 2459 1505 2495 varietur
1538 2469 1626 2506 cum
1653 2455 1724 2492 illo

214 2510 386 2553 manusb
405 2511 550 2558 iesu-15⁸⁹,
584 2523 622 2548 et
640 2524 725 2548 cum
748 2510 823 2548 istis
844 2509 998 2558 σώφρονι
1018 2521 1057 2545 et
1082 2506 1218 2553 κόσμιον
1238 2519 1292 2549 a,
1325 2507 1351 2544 si
1380 2520 1448 2554 pro
1478 2505 1655 2554 sapientia
1682 2503 1725 2559 ip

216 2559 361 2608 reliqua
380 2558 532 2596 vivendi
555 2562 714 2598 ratione.
767 2560 933 2599 Tamen,
961 2557 1139 2607 quoniam
1159 2570 1214 2603 pr.
1234 2562 1280 2594 τὲ
1298 2573 1356 2604 πρ.
1374 2557 1431 2600 ἅμ.
1448 2556 1535 2602 02⁸3?-
1557 2572 1588 2593 ιι.
1609 2564 1725 2601 perti·

215 2619 308 2646 nent
332 2609 376 2645 ad
398 2608 495 2645 solos
518 2609 675 2650 milites,
713 2607 820 2656 poffis
848 2610 960 2646 etiam
980 2617 1059 2651 σοφ.
1089 2605 1299 2655 intelligere
1319 2604 1488 2653 peritiam
1510 2604 1722 2643 militarem.

214 2660 239 2697 s.
265 2659 344 2695 Cic.
368 2671 403 2705 p.
424 2659 492 2706 leg.
508 2658 612 2694 Man.
634 2671 665 2694 c.
684 2670 738 2694 ιο.
760 2658 1005 2707 m.scientiam
1027 2655 1077 2691 rei
1095 2655 1270 2691 militaris
1286 2655 1326 2690 in
1347 2653 1583 2695 universum,
1613 2651 1724 2688 nobis

216 2705 585 2756 Kriegswg'ffenfihaft
598 2731 608 2748 ,
637 2719 720 2743 cum
745 2720 790 2743 eo
812 2708 918 2744 sensu
937 2706 1048 2743 etiam
1066 2706 1146 2743 Lat.
1157 2702 1339 2752 sapientia
1357 2703 1568 2749 usurpetur,
1594 2714 1630 2738 v.
1643 2699 1722 2755 lud:

219 2759 302 2793 k'rn,
325 2758 444 2794 Amm.
469 2756 521 2792 Μ.
548 2769 587 2793 et
611 2757 722 2800 Tan,
751 2755 846 2795 nihil
868 2757 907 2794 in
926 2756 1021 2793 hanc
1040 2754 1240 2791 notionem
1260 2763 1416 2790 tenente
1432 2752 1512 2800 Stp.
1531 2749 1627 2791 Th„
1658 2759 1724 2796 qul
