1772 3158
0 1662 2 1721 l

169 4 188 12 s

126 98 310 158 LIBER
332 99 368 146 1.
399 97 633 154 cmxv,
675 99 730 155 A,
755 96 814 142 V.
845 95 897 141 c.
928 104 1051 151 945.
1092 92 1452 150 CHR.N.192.
1497 91 1599 147 663

68 221 156 264 ”mv
188 212 305 276 εἶχέ“
331 234 428 263 τινα,
446 210 588 281 χοὶξιν.
663 210 756 260 ἐπεὶ
779 205 831 260 δὲ
874 227 954 272 15.
968 213 1276 261 emerebantur
1295 214 1481 278 aliquam
1504 229 1605 275 gra-

87 287 159 353 aa}
179 287 346 358 γυμνὸς
365 293 423 345 εἰς
441 285 491 338 ’τὸ
514 285 826 355 σὶμφρθέατςον
862 289 1226 354 tiam.Postquam
1238 304 1340 338 vero
1353 291 1498 337 nudus
1511 305 1601 337 am·

176 417 208 453 a)
232 412 286 447 Sic
308 412 486 446 nobiscum
501 412 567 445 Ms.
587 410 643 445 Ba.
661 417 697 442 et
717 399 795 442 edd.
812 412 854 444 A.
872 410 937 448 aL,
964 407 1018 442 sed
1037 407 1104 448 ιῖχε
1122 411 1189 441 τινὰ
1206 409 1278 449 Stp.
1297 407 1352 440 Sb.
1369 407 1432 440 Lu.
1450 407 1508 440 Bc.

188 512 267 556 Qui
286 512 326 549 in
347 525 430 561 gen.
449 511 619 549 videatur
647 509 843 558 expleviss‘e
864 508 980 553 ἕνεκα,
1018 520 1081 547 aut
1103 509 1218 546 modo
1240 509 1284 546 ad
1303 508 1448 546 sensum
1473 505 1598 544 reddi·

86 561 175 599 diffe
198 561 413 602 formulam»
448 574 531 597 cum
544 561 785 607 fortitudinis
806 560 956 608 gratiam
975 561 1103 596 habere
1119 558 1214 595 nihil
1234 557 1291 600 fit,
1319 569 1429 604 quarn
1450 556 1596 604 placere

85 612 110 649 s.
131 611 275 658 probari
299 613 346 646 ob
364 610 629 650 fortitudinem
649 623 688 648 et
705 608 940 646 fortitudinis
960 610 1084 652 causa;
1109 621 1183 657 quo
1201 620 1239 645 et
1261 607 1357 643 redit
1374 606 1525 643 liberior
1537 617 1596 640 ra-

84 660 140 698 tio
165 662 223 701 P„
256 659 357 696 unde
387 659 519 708 partim
543 662 604 709 Eg.
635 671 671 696 et
692 660 775 697 Sch.
804 658 846 696 in
871 675 940 704 „25-
970 671 1057 708 grat.
1076 659 1178 706 fort.
1206 669 1317 694 emer.
1342 658 1439 704 apud
1461 653 1596 703 ipsos«

83 721 195 757 quam
213 709 293 745 Lat.
321 707 519 745 formulam
542 722 621 745 non
653 719 757 746 tenet
775 710 824 745 G.
845 710 939 751 Th.,
975 709 1036 746 sed
1063 709 1176 744 modo
1213 717 1408 746 „emensam
1427 725 1463 734 -
1484 706 1596 758 plane

82 770 244 798 merere,
273 768 312 794 et
336 757 470 800 merito
490 758 556 795 suo
579 758 795 805 impetrare,
828 758 908 802 (sed
928 769 967 794 et
986 757 1103 805 fimpl.
1123 757 1319 804 impetrare
1338 767 1379 790 ac
1401 754 1596 800 consequi.

77 817 123 848 et
141 806 181 842 in
199 807 306 850 subst.
326 810 388 856 Bg.
409 816 490 854 833,
507 811 581 853 75.)
604 808 734 849 libelli,
752 827 789 835 —
815 809 979 856 quamvis
1008 809 1080 843 iam
1099 807 1267 855 gratiam
1294 804 1472 842 novitatis
1491 813 1600 838 exue-

82 856 186 898 rint,
213 857 237 892 i.
262 869 342 895 non
362 856 519 904 amplius
542 858 709 903 placeant
725 857 895 893 novitate
909 882 921 898 ,
945 857 990 903 (s.
1011 859 1059 894 ob
1071 856 1280 893 novitatem
1301 865 1339 890 et
1352 852 1502 899 proprie
1514 851 1596 889 sua-

82 905 238 942 vitatem
258 905 467 948 amiserint,
490 907 700 948 tacentibus
721 906 769 942 N.
793 906 837 942 ad
859 906 952 943 Plin.
972 920 1028 954 ep.
1047 918 1078 949 r,
1093 919 1128 949 2,
1148 910 1182 942 6.
1204 904 1244 940 it.
1262 903 1308 939 ad
1327 902 1489 951 Qintil.
1510 910 1598 956 435.

82 967 119 1001 4.
134 979 144 995 ‚
181 955 244 991 sed
264 954 301 990 in
321 968 356 990 ν.
377 956 455 991 hab.
481 965 563 999 857,
585 957 657 1002 59.)
678 956 774 992 rami
791 955 864 1002 apii
885 957 923 992 in
941 955 1194 997 condimentis
1209 953 1422 1002 peculiarem
1442 959 1598 999 gratiam

81 1003 236 1046 habent,
262 1003 284 1046 i.
309 1003 462 1043 iucundi
484 1004 597 1041 sunt1‘
624 1016 667 1042 ut
691 1003 859 1052 potuerit
877 1007 938 1053 Bg.
969 1004 1128 1041 severius
1155 1003 1283 1039 versari
1311 1003 1396 1044 hic,
1432 999 1498 1036 ubi
1520 998 1599 1037 for-

83 1054 182 1089 mula
202 1053 353 1101 proprie
371 1053 492 1093 valet,
527 1054 745 1091 suavitatem
775 1055 970 1090 continere
989 1054 1013 1090 s.
1033 1054 1178 1090 efficere
1203 1064 1243 1088 et
1262 1051 1443 1090 excitare,
1476 1047 1525 1084 cf.
1547 1045 1598 1083 de

37 1106 41 1111 ’
82 1102 167 1143 Lat.
188 1102 290 1138 subst.
312 1102 394 1138 Iud.
414 1105 537 1139 Amm.
555 1105 609 1140 M.
630 1116 668 1140 et
684 1100 879 1140 dehabere
899 1114 939 1139 et
959 1105 1026 1144 Gt.
1047 1108 1103 1148 ἐχ.
1124 1102 1188 1138 ista
1204 1101 1368 1138 notione
1389 1097 1474 1135 alibi
1488 1121 1500 1138 ‚
1530 1094 1597 1133 sed

85 1152 134 1189 de
152 1149 257 1188 subst.
274 1165 316 1195 χ.
334 1153 445 1189 Dem.
459 1164 565 1197 1407,
578 1166 637 1189 21.
671 1164 774 1197 1419,
791 1156 846 1187 16.
873 1153 959 1189 Luc.
974 1166 1006 1193 2,
1026 1163 1106 1197 397.
1128 1151 1195 1188 l.6.
1212 1173 1224 1191 ,
1250 1159 1406 1204 tenente
1425 1145 1596 1201 SthI'lg.

85 1212 232 1240 tantum
250 1213 285 1246 4,
307 1209 389 1246 350.
412 1201 457 1236 Α.
480 1214 510 1238 e.
546 1202 770 1242 „invenitur
798 1197 888 1245 ἔχειν
915 1208 1040 1246 χάριν,
1074 1201 1252 1250 sequente
1279 1208 1391 1236 enam
1413 1207 1497 1246 gen.
1524 1205 1596 1249 τρι,

83 1259 147 1291 ut,
182 1260 300 1298 quum
325 1248 452 1287 scribit
473 1251 631 1290 Herodi.
651 1250 674 1287 Ι.
694 1263 725 1287 1.
753 1266 788 1295 μ.
809 1266 842 1294 μ.
864 1247 990 1290 τούτων
1009 1255 1039 1287 εἴ
1057 1272 1095 1278 -
1114 1249 1189 1294 εἶχέ
1204 1266 1239 1293 τι
1259 1263 1320 1294 x-‚
1356 1259 1454 1295 quae
1479 1246 1517 1281 Ρ.
1544 1253 1597 1289 [ta

82 1299 212 1339 vertit,
230 1318 287 1333 -.
335 1300 387 1341 At
406 1311 476 1348 ego
496 1300 719 1342 maluissem,
752 1299 1026 1348 coniungendo
1048 1312 1088 1337 ea
1103 1324 1114 1341 ,
1156 1297 1306 1347 quaein
1329 1297 1395 1333 Gr.
1424 1293 1598 1332 sermone

84 1348 282 1388 coniunsta
302 1348 410 1391 sant,
445 1348 624 1397 reddere,
646 1350 814 1398 gratiam
832 1350 879 1386 ob
891 1349 1155 1394 fortitudinem
1177 1347 1439 1384 emerebantur.
1499 1343 1600 1384 Nam

76 1398 244 1446 gratiam
254 1396 497 1444 fortitudinis
517 1397 578 1435 vix
598 1399 698 1445 poss'e
712 1399 785 1436 dici
803 1398 1037 1441 crediderim,
1060 1397 1153 1444 (ubi,
1180 1408 1325 1445 praeter
1342 1394 1462 1436 aliam,
1488 1403 1600 1440 qum-¹

82 1447 126 1488 in
146 1447 206 1482 ed.
221 1473 232 1489 ‚
259 1446 534 1484 distinstionem
552 1447 632 1494 post
652 1464 749 1486 τουτ,
771 1459 811 1484 et
832 1460 1007 1484 accentus
1029 1449 1210 1485 rationem
1225 1446 1265 1482 in
1281 1461 1369 1487 wax,
1392 1440 1598 1490 religiosior

83 1495 136 1533 est
154 1495 194 1532 in
216 1496 292 1532 Lat.
312 1495 416 1533 subst-
435 1509 518 1533 cum
537 1508 644 1544 gen„
676 1510 789 1545 quem
813 1497 911 1537 τεᾶς
939 1510 1019 1533 non
1042 1498 1142 1546 fugit
1162 1499 1224 1546 Bg.
1251 1509 1297 1532 ex
1316 1493 1484 1541 analogia
1502 1493 1597 1532 Lat-0

83 1546 187 1589 unde
206 1546 340 1581 Noster
356 1543 508 1582 finxerit
529 1557 645 1582 totam
664 1546 887 1589 formulam,
923 1559 1000 1583 non
1019 1545 1170 1583 aliunde
1191 1545 1283 1582 mihi
1309 1554 1476 1581 notatam
1490 1565 1502 1583 2
1537 1538 1601 1583 sed

85 1607 129 1631 ex
151 1604 183 1639 3²
201 1605 286 1637 991·
303 1595 349 1630 G·
369 1599 418 1639 e·)
438 1601 523 1640 πλῇν
536 1615 576 1620 -
595 1594 670 1640 εἶχε
690 1613 722 1632 τ.
741 1612 780 1642 χ.
793 1606 1050 1645 praeterquam
1067 1597 1160 1645 quod
1175 1591 1412 1635 fortitudinis
1425 1601 1459 1629 et
1472 1590 1599 1626 dexte-

85 1642 206 1687 ritatis
229 1644 267 1678 in
285 1642 509 1678 destinandis
528 1645 653 1679 ifi‘ihus
669 1645 867 1690 specimina
882 1646 1025 1688 edebat,
1048 1645 1263 1692 popularem
1281 1644 1390 1679 etiam
1410 1639 1598 1688 quandam

77 1693 247 1744 gratiam
268 1689 333 1728 fibi
352 1693 565 1728 conciliarat
578 1717 588 1732 ‚
617 1694 698 1739 (per
713 1694 777 1730 Vs.
799 1693 910 1740 plane
928 1706 946 1728 a
967 1705 1146 1730 contextu
1165 1692 1336 1734 alienam,
1363 1690 1409 1726 de
1419 1692 1598 1726 Commo-

86 1743 138 1778 do
156 1753 243 1777 cum
263 1739 499 1777 intellexiffet
517 1752 555 1777 et
574 1741 620 1776 de
640 1743 730 1788 pers.
743 1767 754 1784 ,
780 1755 861 1778 non
880 1744 926 1779 de
948 1744 1058 1780 rebus
1077 1753 1115 1779 et
1126 1747 1170 1779 τὰ
1187 1755 1360 1787 urgan-rou.
1373 1764 1383 1778 ‚
1409 1739 1454 1775 cf.
1469 1739 1514 1775 de
1526 1740 1598 1776 εὖτ.

85 1790 118 1839 §.
141 1800 171 1835 3.
191 1790 290 1834 tum)
309 1791 383 1838 δημ.
407 1789 595 1835 plebeius,
620 1790 823 1837 popularis.
873 1791 1031 1829 Herodi.
1051 1791 1076 1826 l.
1094 1804 1122 1827 ι.
1140 1788 1360 1838 πλὴν-εἶχέ
1377 1804 1410 1825 τ.
1429 1795 1497 1833 χέ’
1520 1785 1598 1822 fine

84 1841 151 1876 Vs.
178 1850 216 1875 et
243 1838 461 1874 anaorirate
488 1835 667 1882 aliorum,¹
701 1851 856 1877 tenente
882 1841 965 1876 Sch.
1000 1839 1209 1882 „absolute,
1226 1860 1268 1868 —
1290 1837 1388 1886 apud
1406 1837 1553 1885 plebeios
1572 1833 1599 1871 s.

86 1888 266 1939 plebem“
295 1887 439 1924 sensum
461 1888 613 1935 quidem
627 1914 636 1929 ,
672 1889 734 1926 sed
754 1889 849 1926 nihil
873 1889 921 1927 de
940 1889 1051 1936 ellipfi
1072 1888 1200 1932 subst.,
1238 1901 1281 1925 ut
1299 1889 1360 1924 Sb.
1381 1887 1461 1923 lnd.
1483 1884 1598 1922 modo

87 1944 149 1982 »οἱ
169 1934 344 1982 δημώδης,
377 1938 500 1983 plebs«
526 1950 596 1973 nec
617 1939 656 1975 L.
676 1937 755 1975 Bos.
770 1963 781 1980 ‚
815 1949 857 1976 ut
880 1939 923 1975 in
954 1939 1045 1986 plur.
1062 1939 1134 1973 hoc
1158 1938 1216 1973 vel
1240 1948 1367 1977 neutr.
1398 1948 1481 1984 gen.
1496 1960 1508 1978 ,
1537 1934 1599 1971 vel

87 1986 192 2024 mast.
207 2011 218 2028 ‚
244 1986 435 2032 suppleam
457 1982 627 2030 πλῆθεσι,
651 1985 701 2023 cf.
730 1999 761 2028 1,
783 2001 819 2034 4,
843 2000 897 2032 19.
918 2001 965 2024 m.
980 2012 990 2028 ‚
1014 1988 1055 2023 it.
1076 1984 1191 2033 ’ὄχλοις
1213 1986 1238 2022 s.
1253 1982 1452 2032 ἱνθραῖποις,
1479 1983 1601 2034 (quod

88 2035 301 2085 proximum
319 2036 362 2071 ad
379 2036 459 2081 Lat.
481 2036 632 2072 homines
647 2037 810 2085 plebeias,
833 2049 1046 2086 quanquam
1067 2049 1137 2073 nec
1157 2035 1228 2071 hoc
1250 2037 1400 2082 plenum
1421 2033 1602 2070 afferente

89 2087 140 2122 G.
161 2086 260 2126 Th.,
286 2096 356 2120 nec
377 2083 467 2133 quid
489 2084 535 2121 de
558 2084 670 2133 ellipii
691 2086 728 2121 in
746 2086 816 2123 adi.
833 2087 970 2134 plebei„
995 2099 1066 2123 nec
1077 2085 1225 2131 Liudn.)
1236 2084 1284 2121 cf.
1301 2081 1471 2130 ἆδημᾶτκς
1485 2079 1603 2128 ὄχλος,

90 2134 173 2181 (ubi
187 2132 291 2170 subst.
303 2137 378 2176 δημ.
392 2146 459 2180 pro
470 2133 541 2169 adi.
554 2159 563 2173 .
589 2137 692 2182 quod
706 2149 766 2181 par
777 2136 934 2178 nostr0‚)
953 2146 990 2172 et
1008 2140 1174 2180 δημοτικοὶ
1195 2148 1254 2182 ap.
1267 2134 1382 2171 Dion.
1396 2135 1446 2169 H.
1459 2134 1496 2168 S.
1506 2134 1556 2168 T.
1569 2144 1600 2175 ι.

88 2182 153 2224 [ed
174 2183 325 2230 plenum
349 2187 516 2227 δημοτικοὶ
544 2182 710 2232 cii-,fleam
732 2185 773 2221 R.
795 2188 860 2221 Or.
887 2185 932 2220 V.
951 2199 983 2231 4.
1005 2196 1044 2221 et
1063 2187 1173 2220 Dem.
1193 2184 1299 2227 1nd.,
1334 2183 1501 2219 variante
1519 2181 1602 2218 No·

89 2232 161 2270 stro
184 2245 253 2280 pro
274 2233 325 2279 sq.
346 2243 411 2267 aut
433 2233 610 2279 superiori
634 2233 651 2270 ὅ
670 2237 791 2278 δῆμος,
825 2234 866 2271 it.
888 2239 959 2276 ταῖς
977 2231 1112 2279 δήμοις,
1144 2233 1192 2269 cf.
1217 2234 1262 2270 dc
1281 2233 1406 2269 nostro
1427 2230 1499 2268 adi.
1520 2229 1603 2281 Ind-

87 2281 172 2321 Ael.
195 2282 242 2317 V.
263 2280 300 2316 h.
327 2282 417 2321 Luc.
439 2280 542 2317 Suid.
565 2293 604 2318 et
622 2283 703 2320 Hes.
718 2310 729 2326 ,
770 2283 832 2321 sed
856 2284 902 2320 de
923 2297 962 2320 re
982 2297 1023 2319 ac
1042 2282 1228 2319 sententia
1247 2283 1291 2318 ad
1312 2283 1344 2332 §.
1366 2294 1398 2326 ς.
1418 2294 1450 2319 e.

143 2335 213 2368 ἐπεὶ
231 2333 260 2366 δ.
281 2332 327 2375 ῃ.)
355 2329 511 2367 Omittit
535 2333 593 2381 Bg.
619 2331 748 2369 iterum
769 2331 845 2375 καὶ,
878 2345 946 2380 pro
967 2334 1075 2369 etiam
1089 2358 1099 2373 ,
1138 2331 1163 2367 s.
1184 2332 1296 2369 etiam
1316 2331 1434 2374 adeo,
1466 2328 1606 2374 nescio,

89 2392 140 2419 an
157 2381 224 2416 eP.
244 2391 366 2415 verum
388 2380 449 2416 ubi
469 2381 553 2426 iam,
580 2383 678 2429 quod
698 2394 901 2420 extremum
923 2382 1091 2429 respiciat
1110 2380 1177 2424 καὶ,
1206 2391 1269 2419 aut
1289 2380 1416 2422 libere,
1444 2391 1486 2417 ut
1502 2379 1607 2424 alias,

92 2426 302 2470 amiserim
331 2428 496 2473 sumente
517 2443 575 2465 me
596 2445 694 2475 γυμυ.
718 2429 821 2477 sensu
840 2430 1052 2480 angustiori,
1080 2443 1154 2477 quo
1174 2429 1222 2468 de
1244 2430 1338 2467 nihil
1353 2442 1410 2477 ap.
1425 2431 1608 2477 stp.Th.‚

93 2478 159 2516 sed
177 2477 216 2513 in
237 2479 277 2515 L.
300 2478 384 2513 Ern.
406 2489 445 2514 et
465 2479 570 2515 N.T.
593 2482 710 2516 Schw.
732 2493 770 2517 et
785 2482 900 2524 Krb.,
928 2493 1041 2528 quem
1062 2480 1108 2516 cf.
1127 2491 1212 2517 cum
1224 2481 1359 2518 Graev.
1377 2479 1422 2515 ad
1434 2478 1522 2516 Hes.
1533 2483 1609 2531 ³2⁴7·

94 2539 132 2562 v.
154 2536 234 2574 389.
257 2527 281 2563 s.
299 2539 401 2574 392.,
436 2527 476 2563 it.
501 2529 627 2566 Klotz.
647 2531 759 2578 Tyrt.
784 2543 819 2576 p.
836 2542 891 2566 20.
910 2544 943 2567 e.
970 2529 1072 2567 Harl.
1094 2529 1181 2567 Chr.
1203 2531 1239 2567 Ρ.
1259 2530 1307 2567 G.
1326 2529 1400 2565 Th.
1417 2527 1499 2565 lnd.
1521 2529 1610 2574 Em.

95 2576 179 2614 Liv.
198 2574 245 2612 de
264 2591 335 2617 co,
375 2576 440 2623 qui
475 2591 553 2618 non
586 2578 698 2615 habet
729 2593 861 2617 omncs
881 2579 1014 2620 vestcS,
1043 2591 1134 2626 quas
1157 2579 1376 2627 plerumque
1396 2577 1514 2621 solet,
1551 2578 1612 2616 sed

95 2625 427 2676 aliquasltanriim,
461 2640 530 2663 nec
552 2628 756 2672 exteriores
771 2654 780 2669 ,
815 2640 853 2665 at
872 2628 1088 2669 interiores,
1125 2640 1164 2664 et
1182 2628 1252 2665 h.1.
1275 2640 1353 2665 tum
1381 2638 1538 2675 propter
1556 2629 1615 2665 in-

95 2675 211 2712 serius
232 2681 380 2721 αἰσχίςῳ
404 2675 584 2721 σχήματι,
609 2688 688 2713 turn
707 2678 790 2726 quia
805 2678 879 2716 Dio
892 2677 968 2715 Cas.
993 2690 1029 2724 p.
1051 2688 1150 2721 ¹217.
1164 2691 1197 2714 e.
1218 2677 1330 2714 tradit
1347 2676 1497 2718 diserte,
1526 2690 1614 2715 eum

95 2724 239 2774 semper
257 2725 379 2772 aliqua
397 2725 494 2763 veste
515 2725 689 2765 indutum
708 2727 890 2775 prodiiss‘e,
916 2725 989 2764 five
1008 2728 1046 2763 in
1068 2726 1391 2775 amphitheatrum,
1421 2726 1443 2762 s
1459 2727 1498 2764 in
1514 2727 1615 2766 thea-
