1798 3163
0 1331 2 1432 l

0 1433 2 1513 l

565 145 738 207 LIBER
756 161 790 204 Ι.
836 161 960 205 CAP.
982 159 1036 204 11.
1244 216 1247 217 ⁷
1494 151 1559 213 ΞΠ

50 277 316 348 Βιὰῖμέτςιου
338 274 552 339 βασιλέα,
583 273 684 328 τούς
708 294 755 322 τε
777 279 797 305 Υ
831 295 936 340 erga
948 274 1161 324 subiec'los
1183 276 1223 324 se
1245 275 1506 324 clementem
1528 288 1572 325 et

50 353 322 423 ἦνςσο-ιόντας
363 348 660 419 δεξιούμενος,
716 371 796 398 κω·
832 355 1109 401 moderatum
1120 355 1382 418 principem,
1405 354 1571 400 adeun-

44 427 169 481 ’λύων
201 430 247 479 τὲ
277 425 377 483 τούς
420 427 518 496 weg}
555 423 684 476 αύτὲν
712 421 799 474 ’ὃο-
833 442 896 477 tes
912 430 1103 490 benigne
1116 431 1569 495 excipiensfetinter-

145 561 182 606 y)
207 556 267 594 Lu.
282 555 323 597 ἐἷς
341 571 376 591 τι
402 570 457 602 πρ.
483 567 517 590 v.
537 555 585 589 N.

53 663 161 723 Vin-g.
191 672 231 708 in
259 670 351 712 illo,
383 680 536 721 parcere
562 667 725 716 subieHis
751 668 835 712 rel.)
857 680 1000 716 praeter
1027 668 1122 706 istud
1138 678 1310 718 parentes
1329 668 1411 706 lud.
1431 667 1571 710 Thuc.,

54 724 153 761 reste
172 721 235 758 hic
248 719 367 757 Vern.
393 719 568 756 dantibus
586 719 644 755 die
667 719 940 761 Untertlmnen,
979 730 1063 755 cum
1092 730 1171 756 non
1181 719 1311 764 {liceat
1341 718 1498 766 propius
1525 719 1571 754 ad

56 775 124 812 Gr.
145 770 333 808 accedere.

107 828 222 861 ἐπιεικ.
240 838 272 858 κ.
294 821 346 866 μ.)
373 820 460 855 Duo
485 817 545 854 ista
564 817 709 860 ἐπιεικῆς
729 833 760 854 κ.
783 816 881 864 μέτς.
904 816 1008 865 saepe
1027 817 1146 854 iunsta
1168 817 1339 865 reperias.
1364 816 1449 853 Alc.
1462 826 1496 864 3,
1516 825 1570 860 50.

54 873 108 918 (e.
129 884 167 920 p.
190 879 272 916 390.
292 870 357 916 m.)
375 866 460 914 πρὲς
478 866 568 912 ἧμᾶς
588 887 623 895 -
652 865 796 907 ἐπιεικὲς
815 884 845 903 κ.
865 882 963 912 μετ-ς.
983 865 1042 904 τὲν
1061 864 1207 912 τρόπον,
1243 866 1396 903 mitibus
1417 876 1452 903 et
1470 877 1574 901 com-

56 920 182 959 modis
199 919 355 955 moribus
374 929 505 957 vtens,
537 920 574 963 (e
593 918 652 964 ssg.
668 940 679 956 ‚
715 926 757 951 vt
776 927 814 953 ct
831 916 882 962 sq>
904 916 951 957 1.)
976 925 1008 960 3,
1032 926 1088 962 53.
1119 924 1169 960 (e.
1192 928 1227 962 p.
1251 928 1336 960 400.
1362 916 1402 960 i.)
1426 912 1572 956 ἐπιεικής

58 985 112 1013 τις
134 983 166 1008 χ.
186 985 223 1014 μ.
245 980 281 1006 Λ.
305 968 428 1004 bouus
447 967 542 1002 homo
561 977 600 1003 et
615 966 776 1001 commod.
824 965 937 1000 Vnde
954 975 1130 1010 apparet,
1156 963 1275 1000 in‘his
1293 964 1336 1001 τδ
1353 970 1485 1010 μέτριος(
1504 962 1573 999 ess‘e

58 1018 86 1055 i.
107 1031 142 1066 q.
164 1018 285 1065 πρᾷος.
335 1015 447 1052 Vnde
465 1015 549 1052 Ael.
573 1015 618 1051 V.
639 1015 674 1050 h.
699 1024 755 1060 13,
775 1025 808 1050 2.
833 1013 1032 1062 coniungit
1050 1013 1110 1048 ista
1130 1014 1204 1050 duo
1222 1016 1329 1061 πρᾷος
1352 1010 1390 1056 ἦν
1410 1017 1573 1050 meram.

56 1068 174 1106 Leisn.

156 1114 215 1153 Cf.
234 1107 341 1158 Exc„
365 1110 446 1150 non
466 1123 622 1148 tenente
635 1113 713 1160 Stp.
734 1111 809 1147 Th.
823 1112 974 1160 Lat.Bg.
997 1124 1017 1146 e
1034 1111 1072 1147 P.
1094 1112 1139 1148 ad
1160 1122 1243 1149 Βασ.
1257 1137 1266 1153 ,
1293 1111 1471 1159 frequens
1487 1123 1522 1146 v.
1543 1122 1574 1147 c.

56 1179 116 1214 ep.
137 1166 233 1203 Plin.
255 1165 342 1200 Pan.
371 1174 440 1211 pro
467 1161 692 1209 imperatore
714 1161 846 1202 Rom.,
883 1160 932 1197 cf.
961 1173 993 1202 1,
1018 1173 1048 1203 1,
1069 1173 1126 1205 5.,
1163 1161 1224 1199 sed
1247 1172 1286 1197 et
1314 1161 1485 1197 vniuerse
1506 1172 1573 1208 pro

51 1212 217 1257 'domino
245 1221 385 1254 terrae,
420 1210 531 1248 nobis
551 1209 653 1260 Fu'tst
673 1210 697 1249 s.
715 1212 862 1259 Regent.

49 1302 55 1313 ¹
101 1259 179 1305 τούς
207 1277 246 1299 τε
268 1262 347 1308 ny.)
373 1263 476 1297 Inter
494 1259 644 1297 confina
665 1261 844 1308 parandae
867 1259 1154 1297 beneuolentiae
1176 1260 1226 1307 est
1253 1259 1413 1298 facilitas
1438 1258 1575 1300 aditus,

57 1311 213 1362 alloquii
247 1309 501 1352 consuetudo,
546 1308 799 1357 respondendi
828 1309 1005 1351 comitas,
1044 1322 1076 1345 v.
1107 1308 1204 1357 Lips.
1237 1322 1342 1346 mon.
1375 1310 1452 1356 pol.
1473 1321 1510 1349 2,
1540 1319 1575 1352 7.

55 1364 140 1402 Hac
158 1359 335 1398 nonnulli
356 1369 512 1396 vtuntur
527 1372 570 1395 ex
591 1358 763 1395 instituto
785 1369 963 1401 naturae,
997 1359 1065 1396 i.e.
1086 1372 1130 1395 ex
1153 1358 1444 1407 aequanimitate
1465 1369 1504 1394 et
1525 1357 1575 1393 ci-

57 1412 202 1449 vilitate
218 1409 382 1451 indolis,
416 1407 506 1445 ficut
533 1407 595 1445 hic
625 1409 671 1445 de
692 1409 819 1445 Marco
846 1407 1098 1457 praedicatur,
1132 1407 1310 1445 nonnulli
1339 1408 1575 1444 simulatione

57 1473 212 1499 naturae
231 1459 299 1495 hac
314 1457 352 1495 in
373 1471 414 1495 re
432 1457 615 1495 descitum
638 1457 827 1506 supplent.
881 1457 1031 1494 Peffima
1058 1471 1188 1495 eorum
1218 1458 1269 1494 est
1293 1458 1470 1499 facilitas,
1509 1456 1575 1502 qui

59 1521 105 1548 ex
122 1505 319 1557 hypothefi
342 1508 532 1556 tyrannica
552 1506 724 1544 inssdiose
744 1506 874 1544 ciuiles
899 1507 1004 1548 sunt,
1041 1521 1076 1543 v.
1097 1507 1189 1556 quid
1207 1507 1408 1545 Iustiniano
1436 1507 1575 1543 tribuat

54 1559 221 1606 Procop.
241 1557 283 1594 in
303 1559 388 1594 Arc.
405 1557 485 1594 hist.
511 1570 547 1604 p.
574 1569 630 1603 59.
659 1557 771 1594 Boecl.

161 1610 310 1645 Praeter
333 1607 442 1648 Em,
488 1607 549 1644 hic
579 1607 624 1641 V.
655 1607 696 1642 L.
728 1606 844 1656 Lugd.
874 1607 998 1643 minus
1030 1605 1144 1643 fuerit
1178 1606 1335 1643 editoris
1364 1606 1574 1655 ingenium,

60 1670 172 1707 quam
195 1668 388 1704 operarum
410 1669 531 1698 error,
563 1668 642 1693 non
662 1656 724 1692 ille
744 1655 900 1699 infelix,
933 1656 1036 1703 quod
1058 1656 1100 1698 ὦς
1120 1669 1203 1693 curn
1225 1656 1393 1704 particip.
1417 1656 1485 1693 ssat
1502 1668 1573 1704 pro

60 1707 145 1746 Lat.
166 1717 230 1748 vt,
254 1716 400 1754 vtpote,
425 1706 586 1754 quippe;
615 1705 715 1754 quod
735 1706 870 1752 patitur
888 1718 1088 1743 contextus
1109 1719 1174 1754 per
1194 1707 1242 1742 se.

113 1752 260 1803 κωλύων)
286 1755 453 1792 Liberius
474 1766 606 1804 agente
629 1756 665 1791 P.
680 1780 691 1796 ‚
720 1754 763 1790 ad
785 1755 928 1792 sensum
951 1758 1013 1802 Bg.
1036 1757 1155 1795 bene,
1182 1767 1267 1792 cum
1285 1767 1364 1793 κωλ.
1387 1754 1432 1791 fit
1450 1754 1574 1801 impe-

55 1800 148 1842 'dire
164 1803 298 1851 quouis
319 1803 435 1840 modo
451 1828 461 1844 ,
489 1817 525 1840 et
544 1803 670 1846 fastis,
699 1816 737 1840 et
758 1805 899 1847 verbis,
940 1817 1016 1852 quo
1037 1805 1162 1842 minus
1187 1804 1276 1852 quid
1297 1804 1380 1846 fiat,
1410 1804 1574 1842 reddeu-

64 1854 165 1891 tibus
184 1852 230 1889 fic
249 1864 288 1889 et
305 1855 346 1889 L.
365 1853 412 1891 N.
430 1853 477 1889 T.
500 1854 617 1888 Schw.
645 1865 683 1889 et
705 1853 819 1889 Fisch.
836 1879 846 1894 ‚
888 1855 948 1891 sed
972 1867 1035 1901 per
1061 1855 1141 1902 syn.
1172 1854 1367 1903 dg'ffimdere
1383 1856 1471 1891 Krb.
1490 1879 1498 1890 .
1533 1865 1575 1889 vt

63 1903 153 1940 Em.
173 1915 239 1950 per
253 1911 380 1938 vetare
397 1913 482 1937 curn
501 1904 578 1948 Stp.
599 1902 671 1937 Th.
694 1915 727 1944 2,
749 1912 831 1946 528.
849 1905 896 1939 D.
916 1917 946 1939 e.
970 1904 1143 1947 aliunde,
1181 1904 1230 1940 cf.
1254 1905 1350 1940 xen.
1370 1906 1458 1951 Cyr.
1477 1904 1518 1939 Z.
1542 1915 1575 1944 ι,

64 1965 104 1997 4,
130 1963 206 1997 ι4.,
234 1950 398 1999 praeced.
416 1947 658 1996 ἂπαγοςεῦειν,
685 1963 723 1987 et
743 1953 790 1988 G.
812 1953 887 1987 Th.
908 1965 943 1987 v.
959 1955 1147 2002 probibere
1169 1966 1254 1990 cum
1274 1954 1341 1989 Gr.
1366 1966 1403 1989 n.
1431 1951 1575 2000 „impe-

62 2001 142 2038 dire
160 1999 324 2037 vetando
343 2000 440 2036 rel.“

114 2051 193 2092 τοιῖς
210 2052 302 2095 περὶ)
331 2049 380 2085 Hi
402 2049 487 2085 sunt
507 2047 703 2090 satellites,
732 2049 874 2098 inligne
889 2048 1042 2098 regium.
1095 2051 1320 2088 Satellitium
1344 2051 1433 2088 illud
1457 2059 1575 2086 acor.

61 2112 159 2149 pore
178 2098 280 2147 regio
301 2110 381 2135 non
402 2097 632 2139 discedebat,
658 2099 758 2147 quod
783 2101 972 2149 eleganter
993 2099 1167 2138 describit
1179 2101 1333 2148 Coripp.
1351 2112 1383 2147 3.
1403 2114 1437 2137 v.
1451 2100 1574 2137 Barth.

65 2148 112 2185 ad
124 2150 216 2185 Stat.
236 2161 268 2183 2.
289 2147 410 2183 Theb.
431 2157 512 2193 385.
541 2160 574 2194 p.
594 2158 676 2193 48²·
704 2149 819 2186 Leisn.

166 2199 236 2234 Pro
257 2199 357 2240 αὖτ..
394 2196 435 2233 in
457 2208 531 2244 quo
555 2197 630 2233 leni
652 2198 714 2233 hic
737 2198 820 2235 edd.
841 2210 919 2234 non
938 2197 1104 2240 variant,
1143 2201 1236 2236 Latt.
1260 2201 1377 2247 lntrp.
1396 2199 1575 2237 videntur

67 2246 146 2286 ati-r.
176 2259 242 2295 per
269 2246 436 2293 asperum
463 2245 610 2295 legiffe,
648 2260 711 2283 aut
739 2260 782 2284 cx
812 2248 941 2284 indole
962 2249 1039 2284 Lat.
1065 2249 1237 2285 sermonis
1265 2249 1431 2292 vertisse,
1465 2250 1513 2284 cs.
1539 2249 1572 2298 ξ.

66 2306 102 2344 3.
128 2309 184 2337 e..
226 2306 266 2332 vt
291 2296 375 2332 Sch.
406 2295 445 2332 in
491 2312 554 2340 „nn
573 2316 613 2325 —
639 2301 718 2334 αὐτ.
747 2297 813 2345 qui
832 2299 930 2333 circa
954 2297 989 2334 se
1008 2304 1140 2333 erant“
1177 2299 1270 2335 reele
1298 2299 1471 2347 suppleto
1494 2311 1576 2347 par-

65 2343 173 2392 ticip.
192 2357 231 2381 v.
251 2344 356 2382 subst.
380 2342 479 2386 ὄντας
498 2356 537 2381 et
556 2358 618 2393 per
647 2346 757 2394 imps.
778 2347 952 2388 reddito,
989 2348 1074 2384 «lum
1099 2351 1159 2396 ssg.
1186 2361 1208 2385 e
1228 2349 1266 2384 Ρ.
1296 2348 1494 2384 formulam
1526 2346 1574 2384 fic

66 2394 264 2436 afflabat,
294 2405 334 2449 γε
355 2406 480 2442 praep.
505 2407 588 2432 cum
612 2409 720 2444 pron.
746 2394 849 2433 fieret
871 2408 1083 2443 pronomen
1116 2410 1255 2434 merum
1277 2398 1317 2434 in
1349 2409 1456 2446 gen,
1496 2398 1574 2441 τούς

64 2443 174 2481 αὑτοῦ
190 2446 282 2491 δος.,
307 2443 409 2491 quod
431 2443 568 2481 deinde
588 2444 627 2481 in
647 2446 725 2481 Lat.
748 2458 813 2493 per
835 2447 906 2483 adi.
930 2445 1098 2492 expreffit
1117 2448 1251 2484 eodem
1271 2446 1349 2483 casu
1363 2447 1577 2489 cumsubst..

64 2494 127 2530 vbi
148 2493 229 2528 sch.
259 2492 456 2541 ,‚stipator‚
484 2494 760 2541 praetorianus,
792 2495 911 2532 custos
930 2495 1122 2541 corporis⁸⁴
1155 2497 1257 2544 quod
1275 2509 1368 2535 extr.
1398 2499 1528 2544 partim
1554 2511 1576 2535 e

63 2541 127 2585 P„
151 2554 262 2591 quem
279 2554 318 2578 et
339 2544 397 2591 eg.
420 2543 601 2585 deseruit,
631 2557 687 2592 ap.
713 2545 760 2582 G.
782 2545 852 2581 Th.
877 2557 960 2581 cum
982 2547 1047 2581 Gr.
1067 2556 1105 2583 n.
1120 2569 1131 2586 .
1156 2546 1206 2584 cf.
1224 2546 1348 2588 Suid.‚
1383 2558 1464 2582 non
1485 2547 1574 2584 coll.

64 2590 114 2628 ad
132 2591 243 2634 Hes..
268 2591 331 2640 qui
349 2592 519 2629 homines
538 2593 674 2630 deinde
697 2607 714 2629 a
728 2594 861 2631 Nostro
881 2594 979 2630 varic
997 2595 1262 2638 nominantur,
1289 2595 1335 2631 cf.
1357 2607 1389 2640 5,
1404 2610 1439 2641 4,
1459 2601 1574 2633 ‹6.m.

63 2652 103 2682 2,
129 2652 184 2682 ιε,
208 2652 243 2686 9.
263 2640 286 2677 i.
321 2653 353 2682 ι,
371 2656 405 2687 4,
427 2654 483 2680 ιο.
504 2656 552 2679 m.
576 2654 614 2679 et
632 2645 712 2680 lnd.
741 2656 773 2679 ν.
796 2646 986 2690 δορυφορῶν
1001 2667 1011 2684 .
1044 2654 1278 2692 narraveram
1308 2657 1346 2682 et
1375 2645 1574 2690 ςξατιέτης,

64 2689 112 2726 ad
132 2689 249 2726 Dion.
272 2691 315 2728 C.
337 2691 383 2726 T.
402 2703 430 2727 ι.
451 2703 484 2738 p.
496 2703 577 2736 70²·
597 2693 620 2728 l.
639 2704 693 2736 57.
716 2706 750 2741 p.
765 2705 849 2739 709.
879 2708 911 2729 e.
932 2695 1013 2740 Stp.
1034 2692 1107 2728 Th.
1128 2695 1226 2731 Suic.
1252 2695 1325 2730 Th.
1347 2694 1454 2730 lndd.
1479 2697 1572 2733 Xen-

65 2738 163 2794 Mor.
185 2751 224 2776 et
243 2739 284 2776 Z.
311 2739 354 2777 it.
377 2739 496 2778 Periz.
520 2741 566 2778 de
591 2744 704 2778 l’raet.
726 2755 761 2790 p.
788 2753 867 2788 123.
887 2743 938 2787 sq·
971 2754 1051 2788 142.
1076 2755 1159 2789 245.
1189 2756 1225 2791 p.
1247 2743 1297 2791 sq.
1317 2758 1363 2779 m.
1385 2755 1470 2789 494.
1490 2749 1575 2791 604.

63 2790 114 2828 m
143 2788 206 2828 vbi
224 2800 263 2827 et
282 2789 366 2828 νίας
385 2788 435 2827 est
455 2791 530 2830 hoc
543 2791 630 2829 loco
641 2791 781 2837 Nostri,
808 2804 865 2842 ap.
887 2803 999 2841 quem
1019 2801 1059 2831 et
1077 2791 1187 2835 semel
1207 2803 1408 2834 occurrunt
1428 2794 1473 2833 dc
1486 2806 1575 2846 rege
