1798 3163
210 174 274 218 34
721 156 891 205 LIBER
914 156 946 200 I.
998 155 1120 201 CAP.
1143 155 1200 199 Π.

217 274 300 330 νέος
351 266 420 324 &civ
465 271 554 337 βίον
610 270 875 339 μετήλλαξε
908 281 939 317 0.
979 271 1316 322 adolescentulus
1348 267 1711 324 vitam'commu·
1759 288 1764 346 ζ

216 351 476 419 Βηξίσσιμος
508 348 531 383 d
581 341 618 396 δ’
663 346 705 400 ἦν
738 359 756 381 e
806 344 942 411 ’όνομα
977 353 1085 396 tauit
1106 368 1203 413 cium
1225 361 1380 397 morte.
1457 349 1712 399 Veriffimus
1760 379 1770 409 ⁴2

219 427 352 490 αὐτῷ.
424 420 495 473 ‘cciv
517 420 566 472 δὲ
585 420 801 491 πεξιὸντοι,
834 418 946 482 Κὸμ-
983 436 1128 471 autem
1144 429 1480 473 eieratnomen:
1518 425 1713 491 supersti-
1769 434 1772 436 ’

834 500 837 503 .
1242 499 1244 502 .
1763 490 1776 505 η

309 552 340 587 c)
366 548 428 579 Ms.
446 546 503 578 Vi.
525 547 712 583 μετ-ἤλλαξεν
731 550 763 574 λ.
808 541 894 574 lssud
914 555 930 576 ν
948 545 1053 579 leem.
1073 542 1169 583 plane
1188 542 1253 573 fine
1272 542 1365 575 causa
1391 542 1499 574 inueni
1521 543 1714 575 adiunctum
1761 530 1775 566 ¹·

222 591 402 638 persaepe:
426 589 478 623 sed
499 590 594 622 semei
613 598 741 619 tantum
761 587 802 617 de
822 596 863 616 eo
881 587 1046 618 monuiffe
1061 587 1207 622 sufficiat.
1228 589 1298 620 Loc.
1312 599 1345 620 v.
1358 588 1405 621 N.
1469 588 1504 626 d)
1528 587 1591 619 Vbi
1615 591 1715 630 (ηρ,
1761 597 1776 607 ’·

223 641 296 678 Stp.
317 636 410 668 sunt:
438 636 484 667 i’oi
505 635 538 665 in
560 634 624 665 Ms.
645 633 698 663 Ba.
721 632 795 662 cola
815 630 909 661 stant.
927 633 1032 665 Mare.
1088 634 1185 673 Signa
1209 631 1410 673 parenthesis
1436 641 1564 663 tantum
1590 632 1622 663 in
1642 634 1716 672 Stp.
1752 671 1753 674 Ἴ

223 683 282 715 Sb.
303 683 361 714 Lu.
382 688 416 711 et
432 681 479 711 ln.
493 701 501 712 ,
525 677 646 718 quibus
667 676 721 706 hic
740 675 838 706 facile
855 685 1003 707 caremus
1023 687 1096 707 cum
1116 679 1179 711 Ms,
1198 678 1273 717 gg„
1300 676 1353 708 sed
1373 677 1474 708 colon
1493 686 1570 707 ante
1589 686 1659 720 Bne.
1680 678 1714 708 iu
1758 715 1760 717 ‚

224 726 342 758 iisdem
355 746 365 761 ,
385 734 418 754 at
436 723 504 764 post
522 724 590 753 αὐτ.
612 719 695 751 nihil
709 741 720 757 ,
753 729 789 751 vt
819 720 850 750 in
869 719 933 752 fine
954 721 1149 762 parenthesis
1168 722 1364 762 plerumque
1383 722 1561 760 deinceps,
1592 731 1656 762 qua
1673 721 1717 752 de
1771 718 1773 721 ’

226 768 491 809 interpunffione
513 776 580 796 non
608 765 749 803 amptius
776 775 965 797 monemus.
1035 770 1064 803 e)
1093 769 1154 798 Ms.
1177 766 1227 797 Vi.
1256 768 1286 799 δὲ
1304 766 1335 801 ἦν
1353 775 1385 798 λ.
1416 765 1665 806 Apostrophum
1684 773 1719 798 vt
1773 788 1775 791 -

226 815 408 856 plurimum
429 811 525 851 ponit
550 807 725 845 librarius,
761 810 817 840 vbi
840 810 873 840 in
894 812 969 841 edd.
989 820 1056 840 non
1086 810 1282 847 adhibetur,
1315 820 1347 841 et
1366 819 1504 846 contra.
1537 810 1630 851 quod
1647 820 1716 842 non
1765 803 1775 839 Γ.

225 859 350 900 semper
367 854 525 896 adscripfi.
546 855 619 886 Loc.
659 855 799 886 Plenum
819 855 849 885 δέ
875 854 929 886 hic
948 853 1047 886 etiam
1067 853 1101 885 in
1122 857 1187 886 Ms.
1207 855 1261 885 Ba.
1284 863 1319 886 et
1337 856 1368 886 Β.
1382 864 1431 892 1.,
1457 855 1500 886 cf.
1521 864 1550 890 1,
1573 863 1602 894 1,
1624 862 1676 886 ιι.
1695 853 1719 887 i.
1766 858 1775 885 ζ

226 950 268 986 in
285 947 374 989 α’πδ,
398 958 523 985 tacens
540 961 574 995 p.
589 959 669 993 492.
692 961 739 983 m.
761 947 798 982 in
817 951 873 988 ἐκ,
908 959 1003 996 quae
1033 944 1086 981 isti
1110 947 1187 983 Lat.
1211 957 1337 993 praep.
1361 946 1475 994 magis
1496 945 1718 994 responden
1764 958 1773 987 ἵ

225 996 407 1044 vtrinque
429 1007 470 1032 vt
486 1009 630 1034 comma
649 998 718 1032 Μς,
741 1006 779 1032 et
798 996 883 1032 edd.
907 996 984 1042 post
1002 1012 1093 1032 τουτ.
1106 994 1267 1030 alienum
1285 994 1515 1043 agnoscatur,
1541 1006 1621 1032 curn
1634 1007 1719 1044 gen.

227 1047 322 1084 arste
345 1046 538 1083 cohaereat
562 1058 647 1081 cum
666 1045 717 1082 ἔτ.
731 1070 741 1086 ,
774 1045 819 1080 ab
841 1057 963 1091 eoque
983 1046 1153 1091 pendeat.
1780 1079 1781 1082 Ἴ

277 1113 312 1132 τ.
331 1102 364 1140 β.
384 1095 477 1139 μετ.)
505 1097 565 1130 De
583 1111 598 1130 ν
619 1099 673 1140 ἐφ.
689 1120 699 1136 ,
729 1093 801 1142 seq.
822 1093 1004 1134 consona,
1039 1107 1072 1129 ν.
1104 1091 1210 1133 alibi,
1247 1092 1407 1129 ducente
1428 1093 1495 1140 Bg.
1524 1092 1634 1139 plena
1658 1090 1721 1128 sua
1779 1118 1782 1126 A

229 1144 386 1184 fortaffis
409 1156 429 1178 e
448 1145 526 1191 Stp.
550 1144 623 1178 Th.
641 1156 672 1183 1,
692 1154 772 1188 355.
793 1144 842 1177 D.
869 1159 928 1187 ,,μ.
951 1159 982 1179 τ.
1001 1149 1035 1186 β.
1058 1140 1209 1182 dicunt,
1236 1154 1273 1177 vt
1285 1143 1365 1177 Lat.
1385 1142 1500 1177 vitam
1520 1152 1605 1177 cum
1626 1152 1723 1176 mor·
1782 1163 1783 1166 =

231 1206 271 1232 te
294 1201 525 1232 commutare,
555 1204 620 1239 pro
640 1191 755 1232 mori,
780 1193 834 1236 (vt
863 1191 922 1226 hic
942 1192 1025 1226 Sch.
1041 1216 1051 1232 ‚
1073 1189 1246 1226 aiiorsum
1259 1191 1418 1226 abeunte
1430 1190 1484 1235 P.)
1504 1189 1723 1238 relinquen-

229 1255 287 1283 tes
313 1252 437 1277 tamen
454 1241 701 1282 subaudienda
722 1240 782 1276 ina
801 1253 875 1276 cum
895 1244 1031 1275 morte“
1061 1251 1153 1286 quae
1172 1239 1293 1275 nihilo
1313 1238 1429 1275 secius
1453 1240 1515 1285 Bg.
1543 1238 1724 1285 expreffit,
1749 1239 1770 1281 Q

229 1294 330 1330 forte
351 1289 451 1334 quod
473 1301 541 1324 nec
560 1289 644 1336 ipii,
673 1299 714 1325 vt
734 1301 802 1325 nec
823 1289 936 1332 mihi,
965 1290 1172 1334 exemplum
1197 1300 1353 1328 notum,
1388 1287 1449 1323 vbi
1468 1286 1508 1322 in
1527 1288 1605 1323 Lat.
1625 1286 1725 1324 dees·
1774 1309 1775 1313 =

230 1343 315 1379 sent
331 1338 411 1380 ista,
437 1350 543 1378 cum,
579 1337 681 1384 quod
712 1339 756 1373 G.
781 1338 854 1373 Th.
876 1351 905 1372 v.
932 1350 961 1373 e.
989 1336 1114 1376 affert,
1149 1335 1191 1372 fit
1212 1335 1397 1378 diffimile,
1431 1337 1497 1372 Gr.
1516 1335 1727 1373 omittenti-

231 1392 301 1428 bus
320 1399 398 1423 non
418 1398 564 1423 tantum
586 1385 644 1424 σὼ
665 1390 711 1433 τῷ
732 1389 892 1432 θανάτῳ,
925 1386 986 1422 sed
1005 1385 1113 1421 eriam
1133 1386 1319 1421 interdum
1337 1397 1409 1421 acc.
1425 1401 1456 1420 τ.
1477 1392 1532 1430 β.,
1572 1384 1620 1420 cf.
1644 1386 1722 1433 Stp.

229 1440 258 1475 l.
278 1437 299 1472 l.
327 1436 416 1472 Bud.
438 1437 480 1472 C.
503 1441 586 1476 628,
609 1448 667 1481 41.
690 1445 773 1480 8492
800 1446 855 1471 20.
868 1435 941 1483 sqq.
973 1433 1052 1470 Ind.
1069 1434 1194 1470 Aesch.
1218 1434 1334 1469 Fisch.
1355 1446 1392 1471 et
1411 1434 1526 1469 Dion.
1539 1433 1618 1469 Cas.
1640 1446 1725 1477 cum
1773 1444 1775 1448 ⁴

230 1487 274 1524 L.
294 1485 372 1521 Bos.
400 1485 466 1521 Eu.
492 1498 524 1528 p.
540 1496 596 1529 51,
617 1497 662 1519 m.
690 1484 793 1520 Suid.
813 1496 843 1524 1,
866 1493 944 1527 582.
962 1482 1007 1524 i.‚
1045 1495 1156 1530 quem
1178 1484 1302 1519 locum
1323 1485 1400 1530 Stp.
1424 1483 1497 1518 Th.
1524 1482 1564 1518 in
1583 1495 1616 1517 v.
1638 1479 1730 1527 3167:-

232 1539 332 1580 λαξεν
360 1534 582 1580 ignorabatffi
607 1532 655 1568 cf.
691 1544 815 1568 tamen
842 1533 1058 1577 Harpocrat.
1092 1543 1128 1567 et
1157 1534 1193 1568 L.
1215 1531 1293 1566 Bos.
1321 1532 1344 1567 Ι.
1365 1533 1416 1573 1.,
1453 1530 1668 1569 tenentibus
1689 1543 1729 1570 et
1780 1557 1784 1564 .

232 1584 455 1621 nostratibus
483 1584 548 1618 das
566 1582 677 1618 Leben
705 1581 772 1618 mit
800 1582 875 1618 dem
905 1580 1016 1617 Tode
1043 1580 1302 1629 veiwechfhln,
1338 1580 1364 1615 s.
1384 1583 1448 1616 das·
1465 1581 1628 1617 zeitliche
1657 1581 1729 1618 mit

230 1635 306 1670 dem
326 1633 472 1679 ewigen.
1780 1661 1782 1664 ,

280 1682 437 1727 Βηρίσσ.)
464 1681 523 1716 De
541 1677 695 1714 nomine
716 1679 790 1716 hoc
809 1691 842 1714 v.
864 1679 946 1715 Exc.
961 1703 971 1721 ‚
999 1689 1154 1716 tenente
1166 1680 1246 1725 Stp.
1265 1677 1337 1713 Th.
1356 1689 1389 1712 v.
1401 1676 1447 1715 ἐν.
1469 1676 1591 1714 nihile
1603 1678 1729 1716 Nostri
1780 1695 1782 1724 ς

235 1740 297 1769 tot
319 1729 433 1771 locis,
467 1727 530 1765 sed
561 1740 609 1764 ne
634 1727 812 1764 formulas
838 1729 1124 1775 quidem‚‘quas
1148 1729 1213 1765 Gr.
1232 1727 1299 1767 ἐν.»
1333 1737 1373 1761 vt
1393 1727 1473 1763 Lat.
1492 1728 1727 1769 vocabulum,
1779 1765 1783 1774 ,

235 1793 318 1817 cum
340 1777 491 1826 proprio
511 1789 612 1813 nom.
636 1776 750 1825 parit,
776 1788 928 1823 quarum
942 1803 951 1818 ‚
977 1789 1120 1824 praeter
1141 1778 1263 1812 allatas
1284 1776 1324 1811 in
1341 1777 1446 1815 lnd.,
1470 1774 1532 1810 hic
1549 1776 1664 1812 modo
1676 1776 1729 1812 af·
1779 1777 1786 1823 ζ’

233 1831 394 1868 feremus
418 1826 509 1868 inas,
533 1825 765 1872 pertinentes
785 1828 828 1861 ad
851 1825 981 1868 casum,
1011 1838 1084 1873 quo
1108 1825 1173 1861 star
1192 1837 1294 1859 nom.
1316 1825 1508 1871 proprium
1527 1835 1618 1864 tum,
1642 1836 1729 1862 cum

234 1877 331 1915 adest
351 1876 375 1912 s.
395 1876 491 1911 abest
509 1887 542 1910 ν.
565 1873 668 1910 subst.
690 1870 726 1915 ἧν
748 1887 830 1910 cum
853 1888 951 1911 nom.
972 1875 1018 1912 ἄν.
1037 1886 1075 1910 et
1094 1873 1165 1921 dat.
1184 1873 1276 1920 pers.
1297 1872 1434 1919 aliquo.
1487 1874 1560 1909 Hic
1580 1885 1730 1922 compa·
1779 1891 1790 1915 μ

235 1938 293 1964 ret
311 1925 391 1962 eius
411 1937 512 1960 nom.
535 1921 678 1970 proprii
696 1923 949 1960 nominatiuus
969 1934 1041 1968 3ης.
1056 1948 1067 1962 .
1100 1934 1143 1957 vt
1162 1921 1248 1959 alibi
1269 1920 1365 1956 infra
1383 1930 1422 1956 et
1441 1923 1623 1970 ap.Dem.
1644 1927 1731 1968 666,
1779 1918 1789 1935 ⁴¹

236 1988 322 2023 pen.
343 1981 425 2017 885,
446 1985 479 2016 9.
503 1984 610 2015 1052,
631 1984 662 2017 9.
696 1973 775 2007 Aci.
797 1972 843 2009 V.
867 1971 902 2006 h.
932 1985 961 2015 1,
983 1971 1074 2018 32.i.
1098 1971 1227 2007 Aesch.
1247 1969 1410 2011 Fisch.1‚
1435 1982 1491 2007 10.
1511 1983 1561 2007 m.
1582 1984 1623 2008 et
1643 1972 1727 2009 lud.

234 2026 310 2061 Pal.
332 2036 364 2058 v.
386 2022 429 2059 ὄν.
460 2021 500 2057 it.
523 2022 611 2057 Luc.
637 2032 669 2060 1,
691 2029 770 2062 558.
789 2021 811 2057 i.
832 2031 870 2057 et
893 2033 925 2068 ρ,
948 2032 1029 2067 748.
1050 2020 1074 2055 l.
1099 2032 1152 2057 ιι.
1193 2025 1276 2057 Δίων
1297 2018 1389 2066 αὐτῷ·
1406 2016 1575 2064 τοῦνομκ,
1608 2020 1729 2058 Dioni
1779 2021 1782 2062 ζ

236 2085 355 2109 nomen
375 2070 423 2106 est
440 2070 564 2118 (ipsi),
592 2068 769 2116 exquifite
791 2071 1028 2112 conuersum,
1065 2081 1149 2105 cum
1170 2071 1256 2105 Sch.
1273 2067 1313 2104 in
1337 2065 1383 2106 ἔν.
1416 2081 1586 2111 „nomen
1601 2071 1635 2106 ei
1654 2069 1731 2107 fuit
1780 2081 1783 2118 j

244 2116 445 2164 Veriffimo“
473 2132 493 2154 e
513 2119 550 2154 P.
571 2119 725 2165 partim,
752 2129 814 2159 vt,
840 2119 903 2166 qui
920 2121 1008 2156 alter
1027 2118 1076 2155 est
1096 2118 1216 2161 casus,
1252 2130 1350 2154 nom.
1379 2118 1572 2166 proprium
1602 2129 1730 2156 teneat
1760 2125 1783 2160 ,f

236 2170 401 2208 datiuum
414 2193 423 2210 ,
446 2181 487 2204 vt
506 2181 562 2215 ap.
582 2169 692 2204 Dem.
717 2176 822 2213 1083,
847 2181 901 2204 ιε.
930 2165 950 2214 ᾗ
968 2165 1069 2212 ὄνομα
1082 2172 1297 2214 Κλειτομάχῃ
1310 2192 1321 2208 ,
1348 2167 1387 2203 it.
1400 2166 1489 2204 Cau.
1506 2167 1591 2204 Del.
1609 2180 1643 2203 v.
1659 2172 1730 2215 36„
1772 2163 1782 2211 J

238 2230 309 2266 qua
333 2219 377 2253 de
397 2217 557 2252 formula
576 2229 610 2253 v.
629 2215 740 2251 visch.
761 2216 806 2252 ad
819 2216 889 2252 Pal.
916 2226 972 2256 20,
995 2231 1026 2252 2.
1046 2228 1083 2252 et
1105 2216 1150 2252 de
1170 2228 1239 2253 vtr.
1260 2217 1304 2252 ad
1325 2228 1384 2257 21.
1405 2228 1462 2259 2..
1486 2228 1565 2252 non
1584 2219 1730 2254 memo·
1778 2235 1783 2252 r

237 2277 312 2303 rata
338 2265 443 2300 tertia
462 2265 624 2306 ratione,
651 2264 713 2301 vbi
734 2277 836 2302 nom.
855 2265 1045 2312 proprium
1067 2264 1216 2301 effertur
1236 2277 1297 2309 per
1315 2276 1423 2314 gem,
1457 2263 1559 2302 cuius
1583 2266 1729 2314 generis
1779 2264 1782 2306 ἶ

239 2315 447 2358 exemplum
471 2326 540 2348 nec
558 2313 647 2349 mihi
668 2325 859 2355 notatum,
893 2313 969 2350 etii.
985 2327 1038 2361 ap.
1059 2316 1137 2350 Lat.
1167 2313 1272 2350 fuiss‘e
1291 2313 1445 2350 traditur
1470 2314 1511 2351 in
1528 2315 1730 2352 Grammar.
1780 2324 1784 2358 ’ᾗ

239 2364 304 2401 lib.
323 2361 553 2410 vulgaribus,
579 2375 654 2409 quo
677 2363 722 2398 de
745 2363 915 2401 vniuerso
932 2375 1067 2411 genere
1085 2361 1181 2398 nihil
1204 2366 1247 2398 (j.
1264 2362 1336 2397 Th.
1357 2374 1393 2398 ν.
1411 2375 1500 2400 nom.
1514 2388 1526 2405 ,
1556 2363 1624 2401 nifi
1644 2368 1730 2411 456,
1779 2361 1783 2380 ³

239 2424 298 2458 43.
322 2412 371 2459 sq.
393 2411 438 2446 de
455 2412 527 2446 dat.
550 2423 649 2446 nom.
672 2411 834 2458 proprii,
863 2412 966 2447 cuius
986 2411 1084 2447 casus
1107 2410 1410 2448 accommodatur
1435 2414 1478 2449 ad
1494 2411 1568 2448 dat.
1593 2425 1730 2461 prono-

239 2459 373 2500 minis,
413 2471 430 2493 a
451 2472 482 2492 v.
512 2459 614 2495 subst.
640 2461 884 2505 pendentem
925 2471 965 2495 vt
986 2460 1048 2495 ina
1070 2460 1179 2496 NT.
1202 2459 1294 2496 ratio
1322 2460 1408 2496 Luc.
1425 2473 1456 2500 ι,
1477 2464 1534 2508 63.
1579 2460 1727 2506 Ἰωάννης

240 2515 288 2548 ἐς)
309 2507 349 2545 τὸ
371 2508 413 2544 ὂν.
436 2507 539 2543 αὐτοῦ
559 2508 675 2545 affinis
695 2508 845 2556 quidem
865 2509 913 2545 est
931 2520 967 2545 et
985 2508 1085 2555 syn.‚
1111 2509 1171 2545 sed
1195 2508 1474 2546 construffionis
1490 2520 1616 2548 tamen
1626 2510 1730 2555 alius,

241 2570 326 2594 curn
346 2569 447 2591 nom.
472 2557 658 2601 proprium
680 2557 820 2601 pendet
836 2571 854 2594 a
875 2570 908 2594 ν.
932 2558 1034 2593 subst.
1051 2583 1061 2599 ,
1082 2558 1183 2605 quod
1206 2567 1292 2594 ante
1312 2570 1350 2594 et
1373 2558 1454 2607 post
1472 2558 1508 2594 se
1526 2559 1729 2596 nominati-

240 2619 327 2642 vum
342 2605 471 2645 habet,
498 2603 558 2639 sed
577 2605 711 2640 deinde
731 2619 832 2652 pron.
854 2607 1027 2653 personae
1043 2619 1120 2642 non
1142 2607 1206 2642 star
1226 2607 1262 2642 in
1286 2606 1384 2650 dat.‚
1416 2619 1542 2644 verum
1561 2607 1602 2644 in
1627 2620 1726 2657 gen..

240 2655 303 2702 qui
326 2653 460 2701 regitur
477 2665 494 2686 a
513 2652 611 2687 subst.
632 2653 697 2695 dm,
725 2655 945 2703 proprieque
963 2655 1035 2690 hoe
1054 2655 1205 2697 ordine,
1233 2654 1274 2692 τδ
1295 2655 1341 2693 ὄν.
1360 2657 1466 2693 αῦτσδ
1483 2660 1548 2695 ἐςιν
1567 2656 1728 2701 Ἰωάννης.

286 2704 345 2741 τόν
365 2706 399 2738 δὲ
416 2705 506 2756 mg.)
531 2702 591 2754 De
610 2714 641 2735 v.
665 2717 759 2748 περ..
787 2717 804 2739 a
828 2706 863 2742 P.
880 2703 1062 2753 neglefw,
1091 2717 1125 2740 v.
1143 2716 1173 2745 1,
1189 2707 1267 2748 5‚6.
1319 2705 1391 2740 Sed
1411 2707 1499 2741 Mss.
1519 2704 1556 2741 in
1575 2706 1729 2751 scriptu·
1778 2732 1782 2743 2

232 2764 308 2789 ram
330 2750 470 2800 proprii
489 2749 654 2788 nominis
678 2752 754 2788 lnd.
778 2752 842 2789 Sb.
872 2752 1039 2803 „duplici
1057 2768 1110 2799 μμ
1125 2752 1238 2792 etiam
1259 2754 1388 2791 efflat.
1409 2756 1493 2802 636,
1513 2765 1573 2799 25.
1593 2755 1630 2801 (e
1640 2754 1725 2793 Zos.
