1772 3158
138 30 157 39 x

137 131 310 178 LIBER
334 130 368 175 Ι.
402 127 635 174 CARXV.
676 128 730 172 Α.
752 127 808 173 V.
833 127 881 172 C.
913 136 1034 183 945.
1069 126 1206 172 CHR.
1229 127 1293 172 N.
1327 138 1442 184 192.
1484 127 1589 186 659

87 266 173 301 τας
193 243 473 303 dvi-eremus,
499 241 566 302 ὦς,
589 239 794 290 ἐπὶν-πολι)
810 250 823 275 t
860 246 959 292 dem
972 245 1118 291 iaculis
1140 263 1291 294 omnes
1305 248 1484 296 occidit:
1521 250 1592 303 ita,

177 385 216 430 s)
240 386 304 418 Hic
331 384 431 415 colon
460 384 493 415 in
514 382 584 423 Stp.
612 381 736 418 et‚al.,
769 382 811 412 cs.
828 386 858 420 9'.
878 389 928 416 Π.
949 392 977 412 e.
991 403 1002 418 ‚
1033 381 1090 431 ubi
1119 389 1152 411 et
1168 381 1231 414 Ms-
1249 383 1306 422 ssg.
1327 393 1456 416 comma
1482 385 1594 416 tenuit

86 431 230 470 reffius,
257 440 358 472 quarn
375 429 429 459 hic
446 430 600 469 punctum
612 448 622 464 ,
647 437 707 467 pro
724 435 792 468 quo
814 427 928 458 saltem
943 428 1010 458 duo
1025 427 1188 462 fecimus,
1213 436 1251 458 ut
1269 437 1361 460 erant
1376 436 1406 466 1,
1419 437 1471 472 14,
1483 431 1535 462 16.
1546 439 1593 462 m.

87 480 116 515 t)
141 477 205 509 MS.
224 477 276 507 Ba.
294 477 417 506 ἓπιπολῦ
441 483 476 505 v.
492 471 544 527 N:

16 616 33 627 --
87 605 249 644 quorum
270 593 430 642 primum
453 593 488 628 P.
513 603 570 637 ap.
590 590 637 626 G.
657 590 730 626 Th.
754 590 956 638 exponitur
975 603 1127 640 quoque
1147 604 1212 640 per
1232 592 1424 634 emittere3
1447 605 1524 629 non
1538 603 1594 630 te.

85 656 206 682 nente
224 646 302 689 Stp.
323 641 396 679 Th.
417 654 451 676 v.
471 641 509 677 in
530 641 609 689 paff.
629 638 798 687 phyfice,
832 654 901 676 nec
922 654 1005 678 cum
1028 645 1087 690 ssg.
1113 642 1154 678 in
1177 642 1265 683 att..
1303 641 1365 678 sed
1396 645 1492 679 inter
1522 643 1593 678 alia

87 705 174 728 cum
186 691 323 741 sursum
342 690 512 738 proiicio,
550 691 652 737 quod
672 689 807 735 repetit
828 692 868 726 L.
894 692 980 726 Ern.
1000 692 1096 728 reae
1116 691 1191 727 fine
1215 693 1316 731 adv.,
1352 705 1434 728 cum
1456 704 1509 738 pr.
1529 696 1594 729 ἇυὲ

86 742 199 778 etiam
224 741 262 776 in
282 741 353 775 hoc
373 753 408 775 v.
432 739 640 777 redundet,
673 748 737 774 aut
757 750 856 774 certe
876 741 1140 787 valeatpotius
1159 743 1238 777 Lat.
1258 750 1324 789 pro
1349 741 1372 776 s.
1391 755 1455 782 ex;
1490 742 1596 777 unde

85 790 150 826 hic
168 789 267 826 reste
286 788 451 825 adhiberi
471 798 653 836 poterunt
673 787 735 822 iiia
755 789 912 834 compos.
934 791 1010 825 Lat.
1031 791 1132 831 eiici,
1169 789 1315 829 emitti,
1351 790 1502 839 efferri,
1531 789 1596 826 sed

85 839 221 886 etipsa
245 850 312 886 pro
334 837 471 885 simpl„
503 850 545 873 ut
567 839 632 873 Gr.
654 849 735 872 cum
757 838 886 874 diserta
907 840 942 874 h.
958 838 980 876 l.
1004 851 1057 885 pr.
1077 843 1136 885 ἐξ,
1173 838 1265 875 mihi
1280 851 1480 885 >repertum
1504 839 1596 887 phy-

83 887 156 924 fice
179 899 323 924 tanturn
341 900 399 934 ap.
418 887 535 922 Dion.
557 888 603 922 H,
625 886 659 921 S.
682 887 727 920 T.
745 899 773 923 1.
795 898 832 922 et
851 888 933 923 Luc.
951 900 983 930 2,
1003 900 1083 932 909.
1103 902 1135 923 e.
1161 892 1264 926 ἐκεῖνο
1286 884 1352 925 ἅνω
1370 887 1597 934 ἁναξριπτοῦ-

85 954 138 976 σιν
157 943 200 979 εἰς
219 935 278 973 τᾶν
298 941 405 982 ἀέρα,
430 937 521 971 illud
538 935 674 971 sursum
693 936 830 971 iat‘lant
851 935 889 971 in
909 940 1024 972 ae'rem
1037 963 1047 976 .,
1080 936 1174 973 bene
1197 949 1259 982 per
1275 936 1412 984 fimpi..
1443 940 1491 972 ob
1510 937 1595 976 adv.

83 986 189 1022 fimul
213 985 314 1033 syn.‚
354 985 418 1021 sed
446 998 501 1033 ap.
523 985 658 1020 Thom.
682 984 733 1019 M·
766 998 800 1031 p.
821 994 903 1031 783.
932 984 1132 1030 ᾆιπτῡῦμσᾼ,
1165 987 1205 1023 *rei
1231 991 1320 1029 μετὰ
1351 983 1595 1032 σφοδρότητος,

85 1048 173 1071 cum
192 1035 241 1071 Ν.
253 1048 286 1078 4.
309 1047 330 1070 e
351 1034 474 1070 schol.
495 1034 609 1080 Soph.
623 1057 635 1073 ,
661 1045 770 1081 quam
791 1035 988 1070 notionem
1008 1036 1228 1076 violentiae,
1254 1035 1416 1080 impetus
1429 1035 1599 1072 celerita-

85 1084 213 1132 tisque
237 1095 316 1119 non
346 1081 584 1129 pertinaciter
606 1093 754 1118 teneam
779 1084 818 1118 in
844 1083 968 1119 nostro
992 1085 1054 1119 Gr.
1086 1096 1148 1120 aut
1170 1083 1356 1130 prioribus
1376 1086 1474 1126 Lat„
1508 1097 1594 1122 cum

85 1147 123 1170 v.
138 1149 169 1169 c.
191 1134 258 1169 Gr.
279 1137 454 1177 ἐκβάλλειν
472 1143 510 1167 et
532 1134 611 1167 Lat.
631 1131 758 1167 eiicere
775 1131 879 1178 saepe
899 1132 1069 1169 dicantur
1087 1146 1152 1180 pro
1170 1132 1285 1179 simpl.
1308 1133 1407 1169 exire
1425 1133 1593 1170 iuberes.

84 1183 205 1220 finere
224 1195 265 1217 ac
284 1181 473 1217 dimittere
493 1181 516 1215 s.
537 1181 722 1217 emittere.
774 1181 845 1217 Sed
857 1182 899 1216 ad
914 1180 971 1218 ὑπ.
984 1181 1104 1218 Leisn.
1128 1182 1165 1217 in
1179 1196 1227 1218 m.
1242 1183 1312 1217 Ox.
1336 1183 1461 1222 „male
1476 1186 1597 1221 Burm.

20 1280 24 1281 ⁷
87 1233 133 1269 ad
148 1234 242 1268 Petr.
265 1243 299 1277 p.
313 1243 389 1274 ςιο.
409 1244 442 1265 ν.
455 1232 535 1275 Stp.
549 1230 620 1265 Th.
638 1241 669 1269 1,
683 1230 946 1276 303.Sa1m.ad
960 1230 1079 1266 Solin.
1099 1244 1132 1277 p.
1147 1240 1228 1276 849.
1248 1232 1352 1266 Grut.
1368 1240 1402 1277 p.
1415 1233 1596 1274 MCXIV,

87 1293 124 1329 3.
141 1282 244 1317 Fabr.
263 1279 306 1316 ad
327 1282 426 1315 Sext.
450 1279 552 1325 Emp.
577 1290 611 1325 p.
626 1286 737 1323 340.“
767 1291 926 1325 quorum
947 1279 1138 1317 consulere
1162 1280 1267 1327 potui
1289 1280 1404 1317 modo
1429 1282 1504 1327 Stp.
1528 1285 1551 1317 1.
1566 1283 1596 1319 l.

86 1333 128 1368 E.
150 1326 366 1373 »ὗπᾶ-γαιος,
382 1326 648 1376 subterraneus.
702 1329 857 1364 Herodi.
878 1329 899 1363 Ι.
921 1340 949 1364 ι.
968 1342 1070 1367 Aa-
1088 1335 1173 1366 ἂμ(
1198 1342 1280 1366 cum
1303 1331 1362 1371 P„
1399 1343 1470 1365 nec
1492 1343 1598 1377 prae-

87 1391 188 1416 terea
207 1377 375 1419 aliunde,
414 1389 458 1413 ut
476 1378 536 1414 Sb.
556 1376 633 1413 lnd.
657 1378 766 1423 piane
787 1377 1019 1424 neglectum,
1055 1392 1111 1425 ap.
1137 1380 1219 1414 Sch.
1248 1392 1321 1418 „ex
1341 1378 1598 1423 fitbterraneis‚

85 1429 137 1467 sc.
158 1427 273 1467 foliis,
299 1427 335 1462 h.
356 1440 387 1462 e.
411 1427 560 1463 caveisct
588 1438 681 1472 quae
707 1425 905 1473 explicatio
927 1426 1055 1473 partim
1074 1441 1094 1463 e
1116 1429 1151 1463 Ρ.
1175 1427 1279 1463 ᾶυᾶα
1300 1427 1371 1465 est.
1400 1439 1442 1464 ut
1459 1428 1498 1464 in
1523 1430 1596 1468 adi.

86 1490 168 1515 non
190 1478 284 1512 maie
304 1475 514 1523 suppletum
534 1475 661 1517 subst..
688 1490 722 1511 v.
740 1488 772 1511 c.
796 1475 1018 1521 ὀρυγμάτων,
1044 1474 1195 1521 βέᾶρων,
1220 1484 1376 1524 τάφρων,
1411 1485 1600 1520 σπηλαίων,

87 1528 308 1575 quanquam
326 1537 365 1562 et
394 1525 581 1560 sufficiunt
603 1531 733 1571 χωρίων
762 1524 786 1560 s.
805 1530 1011 1568 οἰκημάτων,
1049 1527 1097 1561 cf.
1126 1528 1166 1561 L.
1203 1528 1279 1563 Hos.
1316 1527 1381 1562 Eu.
1404 1539 1440 1574 p.
1457 1541 1598 1573 234.e.,

86 1577 150 1612 ubi
173 1587 252 1612 non
273 1573 424 1610 affertur
446 1574 598 1619 plenum
619 1574 828 1620 exemplum
842 1599 852 1614 ,
878 1574 979 1621 quod
1001 1575 1048 1610 est
1070 1588 1127 1622 ap.
1144 1575 1301 1612 Herodt.
1328 1585 1408 1619 148,
1427 1577 1516 1619 uin,
1545 1577 1597 1615 cf.

86 1626 138 1662 N.
159 1625 200 1661 it.
221 1629 304 1669 369,
322 1637 356 1669 9.
377 1623 421 1659 ad
445 1624 539 1658 Poll·
561 1636 594 1667 ς,
609 1635 686 1666 150-
708 1624 756 1659 N.
774 1633 832 1666 78-
858 1623 960 1658 guid.
984 1634 1017 1669 3,
1042 1637 1164 1668 552·e·
1190 1624 1265 1660 fine
1283 1623 1430 1670 χρίσει,
1467 1626 1528 1662 sed
1551 1628 1600 1664 ad

87 1674 174 1725 Hes
197 1686 231 1714 2.
258 1676 361 1716 1468.
383 1671 405 1706 i.
436 1673 485 1707 N.
504 1684 557 1714 17.
578 1683 724 1708 tantum
745 1685 764 1707 e
786 1673 902 1707 Lxx.
938 1685 991 1716 ap.
1013 1674 1060 1708 G.
1088 1673 1153 1709 rh.
1176 1674 1290 1710 modo
1309 1687 1393 1711 cum
1424 1673 1600 1719 ὖτόγειος,

89 1735 134 1760 ut
153 1722 228 1759 fine
249 1723 302 1758 Gr
346 1720 471 1767 aliquo
487 1732 552 1770 kap.
574 1721 670 1768 Lips.
696 1720 742 1755 de
770 1721 949 1768 amphith.
971 1724 1044 1768 Op.
1068 1723 1112 1756 T.
1136 1734 1167 1768 3.
1197 1735 1231 1770 p.
1256 1735 1306 1766 ¹9-
1326 1737 1372 1759 m.
1402 1736 1601 1763 „camerae

89 1771 272 1821 quaedam
291 1781 329 1806 et
350 1770 478 1815 specus
501 1770 742 1809 subterranei,
769 1770 811 1806 ad
832 1770 1030 1806 custodiam
1054 1783 1092 1807 et
1112 1782 1302 1818 receptum
1321 1771 1502 1813 ferarum,
1541 1776 1596 1822 (p.

89 1824 162 1870 sq.)
182 1822 228 1857 de
248 1820 426 1864 specubus
445 1818 598 1865 quidem
621 1818 818 1867 [cryptis.
849 1821 978 1864 (med.)
1000 1832 1126 1856 caveas
1149 1821 1282 1857 ferreas
1298 1822 1500 1862 exstructas.
1528 1836 1596 1870 per

89 1883 182 1920 quas
204 1869 336 1905 bestiae
356 1868 688 1903 intromitterentur
709 1867 748 1903 in
767 1880 935 1909 arenam,
971 1870 1023 1913 (p.
1044 1881 1102 1904 21.
1121 1868 1163 1912 i.)
1188 1881 1299 1917 atque
1327 1883 1369 1907 ex
1391 1871 1448 1907 his
1475 1873 1597 1911 caveis

88 1933 165 1958 cum
185 1918 330 1965 impetu
350 1916 511 1964 quodam
531 1918 784 1953 emittebantur
805 1917 843 1952 in
861 1929 1016 1953 arenam.
1029 1939 1068 1945 —
1088 1918 1235 1965 Vopisc⁴
1253 1939 1289 1945 -
1312 1919 1349 1955 in
1368 1921 1503 1962 Probo,
1532 1924 1600 1959 im-

89 1966 179 2016 mtffi
196 1967 333 2005 deinde
350 1977 414 2014 per
437 1979 569 2002 omnes
588 1968 708 2002 aditus
728 1965 949 2002 struthiones
968 1968 1085 2009 mille,
1117 1968 1216 2003 mille
1235 1970 1348 2009 cervi,
1376 1969 1479 2005 misse
1496 1973 1598 2019 apri.

89 2021 145 2068 (p.
166 2018 217 2065 sq.
235 2020 285 2061 e.)
307 2016 344 2051 in
365 2015 505 2054 caveis,
532 2027 683 2062 quarum
705 2016 788 2051 loco
809 2016 1035 2053 invenerunt
1047 2029 1147 2053 antra
1169 2019 1347 2065 quaedam
1367 2020 1538 2056 coeuntia
1558 2035 1600 2059 et

89 2067 288 2105 dee'untia.
324 2077 418 2113 quae
439 2065 543 2100 velut
562 2077 581 2100 e
601 2075 693 2101 terra
714 2066 917 2100 emitterent
935 2066 1177 2110 subitofemr
1192 2091 1202 2107 ,
1229 2079 1277 2113 tp.
1293 2077 1347 2113 23.
1368 2082 1414 2103 m.
1437 2082 1456 2104 e
1474 2069 1596 2108 Dion,

90 2117 168 2162 Cas.
190 2115 216 2152 s.
237 2113 346 2161 Xiph.
370 2126 453 2160 4¹5,
477 2127 530 2159 ¹4·
551 2114 628 2162 sqq.
653 2116 690 2150 in
711 2116 847 2150 Severo
877 2117 922 2150 de
950 2118 1181 2162 receptaculo
1209 2115 1392 2158 ferarum,
1429 2118 1468 2153 in
1493 2120 1600 2156 navis

89 2165 254 2214 speciem
276 2163 480 2199 construsto
502 2163 540 2198 in
559 2166 732 2207 theatro.)
746 2183 780 2190 —
802 2167 1006 2208 ἀνέθορον-ι
1022 2171 1154 2206 λέοντες
1175 2177 1205 2201 λ.
1226 2165 1435 2202 exliliebant
1455 2169 1599 2204 leones«

91 2227 137 2252 ut
159 2227 194 2261 p.
209 2224 266 2254 ²8·
285 2212 324 2249 in
342 2211 602 2258 amphitheatri
625 2213 743 2261 effigie
761 2213 872 2248 etiam
897 2225 1114 2260 comparent
1131 2210 1281 2259 ὖπέγαικ
1296 2239 1306 2254 ,
1336 2228 1428 2263 quae
1450 2215 1496 2252 iic
1517 2219 1597 2254 Lat.

91 2275 246 2311 quoqne
267 2261 509 2308 proferuntur
527 2262 570 2298 ad
593 2262 678 2298 Hes.
701 2262 721 2297 i.
744 2262 791 2302 l.,
828 2261 875 2298 cf.
895 2264 939 2299 G.
954 2264 1028 2298 Th.
1060 2274 1098 2300 et
1117 2264 1189 2299 aiio
1212 2264 1316 2299 sensu
1336 2277 1393 2311 ap.
1412 2268 1531 2312 Spart.
1553 2266 1596 2304 in

90 2312 244 2351 Adrian.
263 2313 309 2346 T.
326 2323 355 2347 ι.
385 2323 415 2357 p.
441 2319 498 2350 87.
528 2322 613 2345 cum
636 2311 682 2346 N.
698 2336 707 2352 ,
744 2322 787 2347 ut
803 2311 896 2348 T.2.
918 2324 953 2358 p.
975 2316 1057 2355 674.
1086 2313 1137 2348 est
1155 2315 1258 2349 locus
1279 2313 1428 2361 vopisc.
1455 2317 1600 2353 addidit

90 2363 170 2399 alia
189 2361 245 2396 die
257 2361 295 2396 in
313 2359 582 2406 amphitheatro
595 2373 662 2395 una
682 2360 990 2398 miffionecentwn
1004 2362 1148 2398 iubatos
1163 2364 1336 2405 leones‚—
1361 2364 1601 2411 quiomnes«

93 2410 278 2449 interemti
291 2409 396 2458 sunt,
414 2428 451 2434 -
479 2421 600 2456 neque
625 2420 708 2445 erat
739 2411 931 2446 bestiarum
957 2413 1104 2458 impetus
1130 2413 1215 2452 ille,
1251 2413 1314 2460 qui
1340 2412 1410 2449 else
1441 2427 1459 2450 e
1477 2417 1600 2452 caveis

93 2459 372 2510 egredientibus
391 2456 502 2506 solet,
534 2458 595 2494 ubi
618 2471 650 2493 v.
671 2458 718 2495 N.
743 2472 776 2504 p.
796 2458 847 2506 sq.
869 2473 899 2495 a.
919 2472 948 2496 e.
971 2461 1016 2495 de
1038 2460 1247 2497 discrimine
1266 2461 1366 2498 inter
1385 2475 1493 2499 cavos
1517 2465 1602 2502 ilios

92 2510 353 2548 subterraneos
373 2517 412 2543 et
431 2519 555 2543 caveas
580 2521 690 2547 „non
707 2507 824 2544 solum
843 2521 972 2546 caveae
990 2509 1126 2545 ferreae
1146 2509 1385 2547 continendis
1397 2525 1437 2548 ac
1448 2517 1600 2550 conclu.

95 2557 228 2596 dendis
247 2557 335 2594 feris
353 2555 392 2592 in
411 2555 683 2602 amphitheatro
710 2558 959 2599 habebantur,
999 2558 1059 2594 sed
1088 2557 1198 2594 etiam
1228 2559 1305 2595 cavi
1321 2559 1505 2609 speluncae
1526 2576 1600 2611 que

94 2609 313 2656 hypogaeae,
338 2604 382 2641 ad
403 2606 496 2641 hanc
513 2617 588 2641 rem
609 2605 947 2644 factae.-—Fortaffe
959 2608 1083 2647 etiam,
1111 2607 1320 2654 priusquam
1340 2610 1428 2646 inde
1439 2614 1601 2653 exirent.

94 2656 358 2697 irritabantur,
385 2667 428 2692 ut
448 2655 585 2690 maiore
603 2667 685 2692 curn
706 2656 843 2692 ferocia
864 2669 902 2692 et
921 2657 1063 2703 impetu
1083 2657 1277 2699 exilirent;
1303 2660 1406 2705 quod
1429 2661 1525 2697 haud
1548 2663 1601 2697 fa.

95 2705 167 2744 cile
189 2703 269 2741 fieri
299 2715 446 2753 poterat
470 2704 507 2739 in
536 2705 633 2741 cavis
661 2718 701 2742 ec
725 2706 908 2753 hypogaeis
928 2706 1032 2741 illisu
1061 2706 1176 2742 immo
1205 2718 1332 2744 tamen
1351 2707 1430 2746 fieri
1455 2722 1602 2758 poterat

94 2765 132 2792 v.
151 2766 184 2792 c.
202 2754 302 2794 fame
317 2753 448 2791 aliisve
464 2754 591 2798 rebus,
617 2765 657 2791 et
681 2753 721 2792 in
741 2754 940 2792 Commodi
957 2754 1015 2792 his
1029 2754 1126 2793 ludis
1139 2755 1276 2794 fastum
1293 2757 1457 2802 videtur,
1483 2759 1507 2797 fi
1526 2761 1600 2798 vim
