1772 3158
487 143 785 192 EXCVRSVS
820 146 906 190 AD
940 145 1086 191 LIBR.
1118 147 1154 194 Ι.
1470 153 1574 207 899

61 256 197 310 gei'agt.
244 254 387 305 Lipsius
409 255 554 293 konnte
574 268 614 294 es
634 257 724 293 auch
744 255 851 299 nicht
868 256 969 292 wohl
993 255 1114 293 wiffen
1128 281 1139 299 ,
1176 256 1261 294 weil
1283 258 1464 298 Heinrich
1494 272 1574 300 von

60 309 192 350 valois
215 306 284 342 erst
308 307 527 352 Fragmente
548 318 623 342 von
647 306 723 341 Dio
737 305 869 341 Cassius
888 305 1057 342 bekannt
1073 307 1242 354 gemacht
1257 308 1343 351 hat,
1369 309 1571 349 worinnen

59 369 138 394 von
171 354 307 392 diesem
325 354 540 390 Gebrauche
567 354 719 403 geredet
745 353 850 390 wird.
902 355 991 390 VVas
1019 355 1105 390 aber
1131 366 1242 391 unter
1267 357 1352 393 dem
1371 358 1489 394 Feuer
1519 371 1569 398 zu

58 403 253 441 verstehen
277 405 360 449 ley,
391 403 440 438 ob
458 403 521 438 ein
540 403 669 444 Licht,
698 401 946 448 eineLampe‚
975 402 1059 439 eine
1080 403 1227 446 Fackel,
1253 405 1340 441 eine
1358 407 1570 454 Kohlpfan-

57 467 132 496 ne,
162 453 255 489 oder
270 463 382 488 etwas
403 453 555 492 anders,
584 452 646 488 das
668 451 769 488 weiss
791 453 856 488 ΗΓ.
879 453 1048 499 Bonamy
1069 452 1107 488 so
1128 454 1262 500 wenig,
1285 455 1336 491 als
1348 456 1569 503 HnLipfius

59 501 346 545 auszumachen.
405 501 453 536 Er
479 500 606 547 glaubt
628 500 824 548 iibrigens,
859 499 936 536 dass
958 500 1018 537 die
1039 501 1173 538 Romer
1194 501 1294 539 diese
1314 503 1570 544 Gewohnheit

59 564 136 589 von
159 549 230 587 den
254 548 402 584 Persern
427 550 597 596 gelernet
619 549 780 585 haben«
1098 588 1101 590 q

154 598 291 634 Dionis
312 598 464 644 quidem
486 599 567 634 loca
586 593 954 634 habetEschenbacus
973 596 1010 634 in
1032 597 1108 635 diff.
1131 598 1162 647 §
1175 611 1209 644 4.
1223 611 1255 634 e.
1283 598 1324 636 it.
1340 611 1368 645 5.
1384 613 1415 637 e.
1438 600 1486 647 ef.
1499 601 1569 640 Ni-

58 649 130 686 col.
153 647 274 684 Tra&
295 646 340 682 de
362 641 528 695 pnyssob.
549 659 584 694 p.
601 660 656 693 53.
675 646 707 692 §.
719 661 751 692 4.
804 647 914 694 Apud
928 648 975 683 G.
990 647 1059 684 Th.
1081 647 1177 684 nihil
1195 649 1279 684 inv.
1298 650 1395 697 ignis
1410 659 1568 700 etprae-

58 700 176 738 latus,
203 707 242 732 et
261 709 298 731 in
321 697 398 743 Stp.
416 696 488 731 Th.
513 707 545 730 ν.
560 698 631 743 ῥῦς
653 709 700 732 ne
718 697 826 732 lemel
846 696 999 743 quidem
1018 696 1062 732 ad
1072 696 1248 734 Nostrum
1268 698 1475 745 respicitur,
1501 701 1565 738 sed

47 746 100 786 ‘in
120 758 153 784 v.
176 750 453 791 ‚inmauaetbm
486 743 525 780 in
547 745 692 781 solenni
715 757 849 794 pompa
867 758 1000 792 praeeo
1021 746 1045 781 s.
1069 745 1282 792 praeferor,
1320 749 1430 795 (quae
1447 750 1566 786 modo

58 796 200 842 repetit
211 796 249 830 L.
263 795 364 839 Ern.)
378 795 426 830 de
439 791 608 830 animatis
619 794 755 840 pariter
771 807 810 831 et
832 806 910 830 non
924 795 1095 831 animatis
1106 819 1117 838 .
1141 795 1183 841 (i.
1203 808 1236 833 e.
1263 796 1430 842 personis
1457 811 1496 836 et
1512 813 1568 837 re-

55 844 153 889 bus.)
173 862 211 869 —
241 841 396 879 Hei-odi.
418 843 439 878 Ι.
458 855 486 878 t.
507 848 560 880 ἐπὶ
580 846 687 880 τοῦ-
708 842 763 886 καὶ
782 843 826 880 ro*
841 859 878 880 π.
894 857 952 889 πρ.
973 848 1008 881 ἂ.
1031 844 1127 891 ignis
1142 845 1177 880 ei
1193 845 1240 881 de
1259 852 1362 882 'more
1376 846 1567 893 praefere-

57 894 196 930 batur«
221 905 243 928 e
264 893 300 927 P.
323 891 421 939 fere,
456 902 498 928 ut
523 903 563 927 et
590 893 629 929 in
657 892 739 929 aliis
770 892 907 929 deiude
926 893 1049 930 Nostri
1071 892 1185 935 locis,
1222 893 1317 930 nihii
1336 904 1460 932 tamen
1485 909 1567 933 mo·

56 954 151 980 nens
167 937 245 978 >nec:
265 939 311 975 de
336 941 605 978 construetione
622 941 724 978 verbi
742 954 827 977 cum
846 952 930 989 gen.
952 954 974 978 e
991 954 1114 989 praep.
1128 965 1139 983 ‚
1173 946 1244 978 nec
1264 942 1312 979 de
1333 944 1419 987 Vs„
1453 958 1565 993 quam

57 990 104 1028 ad
120 991 244 1027 locum
266 992 402 1026 Athen.
425 989 637 1026 liberiorem
659 990 831 1032 dederat,
864 990 914 1026 cf.
935 1002 994 1038 ap.
1014 991 1104 1026 Luc.
1127 1003 1157 1032 ις
1178 996 1260 1032 682.
1281 994 1304 1029 1.
1320 998 1376 1033 86.
1399 999 1473 1031 τινὰ
1491 1001 1566 1038 τοῖς

57 1041 211 1087 προϊοῦσι
227 1039 282 1082 κο.)
302 1035 593 1085 προτομπῡεῦονσιν
610 1041 736 1080 αὐτοῦ,
774 1041 924 1088 aliquem
942 1040 1247 1087 praecedentibus
1275 1040 1384 1090 ipsum
1403 1054 1441 1079 et
1460 1046 1568 1079 dedu-

55 1090 237 1130 centibus,
277 1088 338 1125 ubi
364 1099 449 1124 cum
470 1087 550 1134 syn.
577 1096 721 1134 προϊέναι,
748 1100 787 1125 et
809 1088 1022 1134 simpliciter
1040 1092 1203 1126 vertitur
1228 1089 1303 1126 fine
1327 1090 1394 1127 illo
1417 1093 1496 1140 Stp.
1524 1095 1566 1130 iu

58 1137 206 1179 solenni
224 1147 370 1185 pompa,
403 1148 466 1179 aut
487 1140 548 1184 ssg.
570 1148 609 1183 et
630 1136 762 1175 Gatak.
785 1138 824 1172 in
842 1147 990 1185 pompa,
1018 1144 1112 1185 quae
1131 1138 1314 1182 adiunsta,
1342 1140 1382 1176 in
1396 1144 1566 1181 v.laten-

58 1187 133 1226 tia.
170 1187 230 1223 sed
260 1199 278 1222 a
301 1188 336 1222 P.
358 1197 508 1234 quoque
535 1185 680 1228 omissa,
717 1186 848 1223 rec'tius
876 1186 1081 1233 intelligas,
1121 1199 1231 1235 quam
1255 1180 1366 1226 Vei-n.
1396 1202 1473 1226 rec.
1504 1194 1566 1242 bey

57 1244 209 1284 groisen
230 1234 357 1282 Festen,
383 1247 466 1272 cum
483 1234 581 1283 ignis
601 1233 785 1282 praelatus
804 1235 860 1276 fit,
887 1247 929 1272 ut
947 1235 1202 1274 Eschenbacus
1219 1236 1315 1273 reste
1336 1237 1460 1281 docet,
1484 1254 1566 1280 non

56 1285 173 1320 modo
200 1284 296 1319 festis
323 1284 583 1326 diebus‚‚nec
610 1284 656 1320 iis
688 1285 848 1333 magni5‚
890 1283 953 1321 sed
980 1284 1091 1320 etiarn
1110 1297 1243 1332 quavis
1264 1288 1332 1321 alia
1355 1288 1562 1332 occasione,

0 1327 2 1369 Ῐ
55 1345 142 1370 cum
162 1336 200 1369 in
221 1332 410 1379 publicum
438 1331 705 1376 procedebatur
722 1346 743 1368 e
763 1332 898 1373 domo5
940 1333 1206 1370 comitantibus
1233 1332 1338 1377 aliis,
1373 1338 1437 1384 qui
1459 1351 1565 1385 prae-

0 1418 1 1424 *
53 1383 195 1418 cedunt
211 1391 274 1419 aut
293 1381 515 1427 sequuntur,
549 1392 614 1418 aut
636 1380 680 1416 ad
707 1382 818 1417 latera
839 1393 953 1421 eunt,
980 1393 1074 1428 quae
1095 1381 1146 1417 dr.
1166 1395 1326 1430 pompa,
1362 1389 1562 1424 coniuncta

54 1428 136 1466 fere
153 1441 236 1466 cum
256 1428 427 1465 tarditate
443 1431 597 1476 quadam
619 1429 659 1465 in
681 1430 808 1466 eundo
826 1442 891 1466 aut
910 1430 1109 1477 portando,
1136 1443 1175 1468 et
1191 1431 1283 1468 dista
1304 1444 1381 1469 tum
1396 1437 1440 1470 de
1452 1436 1566 1474 acho.

54 1490 107 1516 ne
133 1476 361 1519 deducendi,
403 1488 482 1514 tum
513 1480 559 1515 de
588 1491 627 1514 re
652 1491 693 1515 ac
711 1481 826 1526 pers..
861 1491 956 1527 quae
975 1480 1020 1515 ab
1041 1478 1120 1515 aliis
1141 1481 1325 1524 mittitur,
1353 1482 1565 1532 deducitur,

54 1525 329 1576 praemittitur,
363 1538 438 1575 quo
459 1526 646 1574 pertineat
663 1526 886 1576 praepositio
903 1527 944 1564 in
963 1540 996 1563 v.
1021 1529 1085 1564 Gr.
1107 1528 1255 1576 potius,
1292 1541 1334 1568 ut
1355 1531 1395 1567 in
1418 1534 1497 1570 aliis
1517 1548 1566 1579 v..

54 1575 173 1612 veluti
203 1581 431 1622 προπέμπειν,
474 1575 523 1611 cf.
543 1578 622 1612 lud.
644 1578 738 1613 Xen.
758 1577 800 1614 Z.
820 1577 936 1622 'Avssn
982 1589 1092 1624 quam
1123 1589 1166 1614 ut
1197 1577 1240 1615 Iit
1264 1578 1299 1614 h.
1319 1579 1346 1615 l.
1375 1582 1455 1618 Lat.
1481 1592 1564 1631 pro,

0 1653 7 1664 .
55 1636 93 1660 v.
106 1636 136 1659 c.
157 1624 196 1660 in
212 1626 379 1674 prodire,
409 1623 431 1658 i.
453 1624 573 1668 foras,
600 1634 700 1662 extra
722 1626 895 1666 domum,
932 1625 972 1661 in
989 1626 1204 1672 publicum,
1236 1628 1275 1664 in
1298 1628 1471 1676 publico,
1499 1646 1563 1681 pa-

0 1668 6 1678 ⁵
54 1672 153 1715 lam,
190 1673 292 1721 quod
313 1672 523 1716 nostratium
540 1673 666 1711 saltem
686 1676 730 1712 ad
750 1675 968 1712 brevitatem
987 1675 1220 1713 commodius
1238 1677 1377 1721 fuerit,
1405 1681 1518 1732 gieng
1536 1683 1565 1721 fi

0 1759 8 1770 ,
56 1735 126 1771 zog
149 1734 217 1759 vor
236 1723 296 1758 ihr
315 1720 511 1759 offentlich
535 1723 614 1767 her,

711 1831 743 1862 ι,
764 1832 798 1865 9,
820 1833 853 1865 7-
873 1834 906 1860 e-

302 1890 341 1900 ...
357 1873 407 1916 τῷ·
425 1890 462 1897 -
479 1877 540 1912 τῆς
558 1867 674 1915 χειρδς
702 1870 840 1915 νεύματι
860 1870 920 1907 τὸν
939 1873 1038 1916 δῆμον
1063 1877 1314 1918 κατασιγάαας.
1515 1893 1521 1896 ·

148 1920 190 1957 L.
212 1919 289 1956 Bos.
308 1921 353 1956 ad
371 1919 447 1955 Αξὶ.
474 1932 527 1960 12,
549 1931 604 1962 17.
629 1918 914 1966 Aristophanem
934 1921 1044 1962 citat,
1072 1921 1170 1969 quasi
1189 1921 1322 1960 alicubi
1343 1921 1389 1962 fic
1408 1925 1562 1968 locutus

54 1969 151 2007 effer.
203 1969 275 2006 Sed
297 1969 551 2011 Herodianum
573 1968 669 2004 haud
691 1968 802 2005 dubie
823 1969 936 2005 citare
959 1967 1092 2006 voluit.
1153 1971 1256 2008 Idem
1287 1973 1437 2012 interim
1467 1978 1561 2018 hanc

0 2037 2 2043 ν
55 2018 290 2056 locutionem
309 2028 499 2063 comparat
521 2027 604 2052 cum
634 2016 692 2052 illa
709 2019 854 2058 Lucae,
887 2024 1078 2057 κατασείειν
1093 2021 1165 2064 Aa&
1181 2023 1225 2065 τῇ
1243 2030 1357 2068 χειρὶ,
1403 2023 1560 2073 eamque

55 2067 211 2105 illustrat
227 2081 271 2104 ex
285 2067 556 2103 Heliodoro.—
576 2065 790 2103 indicebant
804 2077 843 2102 et
862 2065 1047 2104 mentium
1066 2067 1186 2117 digito
1206 2068 1352 2107 satutari
1373 2085 1437 2110 aut
1456 2087 1560 2113 exer·

56 2129 112 2158 to,
137 2127 201 2154 aut
219 2116 262 2151 ad
282 2129 324 2152 os
336 2118 500 2152 admoto.
554 2115 655 2151 Hinc
673 2117 918 2162 κατασιγάζων
930 2116 1092 2159 δάκτυλός
1103 2118 1152 2154 est
1164 2118 1329 2156 salutaris
1340 2123 1558 2168 ap.Suid.-

53 2167 168 2213 Apul.
192 2164 314 2202 Miles.
340 2177 368 2201 ι.
388 2177 420 2212 p.
440 2169 474 2201 6.
525 2165 629 2200 Plura
650 2177 685 2199 v.
707 2163 751 2199 ad
778 2165 811 2200 h.
827 2165 848 2201 Ι.
868 2177 926 2212 ap.
947 2166 1040 2202 Prie.
1064 2178 1099 2213 p.
1114 2179 1171 2214 ²4·
1197 2186 1237 2195 ·—
1262 2169 1405 2208 Disturi
1433 2184 1561 2211 orato-

53 2228 113 2253 res
134 2227 263 2251 manus
282 2214 482 2251 extendere
500 2213 689 2254 solebant,
714 2212 804 2249 teste
821 2214 935 2261 Apul.
955 2215 978 2250 Ι.
998 2226 1031 2250 2.
1055 2216 1205 2252 Metam.
1227 2230 1259 2255 2.
1283 2231 1317 2266 p.
1343 2231 1399 2265 54.
1449 2225 1559 2260 Anti-

52 2263 231 2314 quiffimis
243 2276 330 2300 vero
350 2264 577 2310 temporibus
596 2262 706 2299 iidem
726 2275 854 2300 manus
873 2263 969 2300 intra
982 2263 1131 2311 panium
1150 2265 1409 2311 continebant.
1435 2271 1561 2308 austo-

51 2326 94 2352 χε
114 2311 293 2350 Aeschine
314 2311 352 2348 in
373 2312 613 2349 Timarchum
633 2324 669 2359 p.
686 2323 765 2356 174·
817 2313 876 2348 De
896 2324 1055 2361 utroque
1065 2314 1140 2350 ritu
1161 2316 1240 2363 lege
1253 2316 1393 2355 Elsner.
1415 2331 1449 2366 p.
1463 2331 1560 2367 478..

0 2382 8 2403 ·,
52 2363 101 2399 de
121 2361 322 2409 posteriore
342 2374 430 2398 vero
449 2364 517 2398 Iac.
537 2362 633 2397 Dan.
654 2358 834 2398 casellam
855 2374 889 2402 2,
911 2373 944 2403 ς.
971 2364 1055 2399 Var.
1074 2363 1171 2400 Lest.
1205 2364 1313 2402 Adde
1342 2368 1480 2406 Ferrar.
1510 2371 1557 2407 de

51 2412 130 2448 ritu
153 2410 332 2447 sacrarum
353 2411 580 2447 concionum
605 2423 635 2451 1,
656 2420 708 2456 13·
759 2412 861 2446 Haec
873 2410 995 2448 Wolf.
1019 2411 1063 2447 ad
1075 2411 1154 2449 Αξὶ.
1173 2417 1233 2455 26.
1257 2425 1289 2450 ι.
1334 2418 1486 2466 Apuleii
1502 2419 1559 2456 10·

0 2461 7 2510 ζ
53 2472 120 2498 cus
146 2459 195 2496 est
216 2461 307 2496 Met.
323 2473 356 2495 2.
382 2473 416 2507 p.
433 2471 510 2506 ¹23·
534 2458 583 2506 sq.
611 2459 671 2496 ed.
694 2459 864 2496 Elmenh.
885 2478 924 2488 -·
947 2461 1079 2509 ltaque
1097 2474 1177 2499 non
1203 2462 1325 2500 sotum
1351 2467 1483 2514 capitis
1508 2469 1559 2506 est

0 2511 6 2517 ⁷
52 2520 243 2547 annuere:
276 2509 340 2546 sed
360 2521 398 2546 et
416 2521 526 2545 manu
545 2521 711 2545 annuere
735 2508 918 2551 dicimur,
951 2510 1064 2546 etiam
1083 2511 1230 2548 Latine.
1277 2514 1441 2560 Qintit.
1464 2529 1498 2558 2.
1523 2528 1557 2565 3.

0 2563 7 2606 ζ
52 2558 101 2596 de
128 2557 298 2595 manibus
326 2558 507 2606 loquens.
547 2558 724 2594 annuendi
753 2570 881 2606 quoque
911 2569 946 2595 et
965 2562 1136 2596 renuendi
1153 2561 1297 2598 ratione
1317 2564 1559 2604 demittuntur

0 2608 7 2650 ,”
51 2618 117 2646 aut
133 2608 334 2644 elevantur.
384 2607 663 2649 (Herodianus,
688 2607 800 2653 etiagn
821 2609 861 2643 in
881 2606 1017 2645 silentii
1035 2621 1277 2657 argumento,
1306 2615 1356 2659 τᾷ
1369 2630 1403 2652 τ.
1420 2630 1460 2660 χ.
1483 2634 1508 2655 μ,
1524 2634 1558 2654 τ,

0 2654 6 2663 ¹
50 2659 128 2702 δημ,
147 2671 180 2692 κ.
230 2657 434 2694 HaecPric.
455 2656 498 2691 ad
510 2655 586 2692 Αξὶ.
605 2669 660 2697 12,
677 2669 730 2698 ¹7·
782 2657 853 2693 Sed
872 2656 990 2694 Leisn.
1015 2658 1226 2695 immutavit
1251 2659 1384 2699 ieviter
1408 2665 1558 2711 prima.)

0 2732 1 2738 ,
49 2705 197 2753 loseph,
219 2705 254 2742 b,
271 2707 294 2741 Ι.
315 2717 351 2750 7,
364 2719 421 2751 24.
445 2708 490 2742 de
510 2705 654 2752 Vespas.
674 2704 714 2742 τδ
733 2717 793 2748 τῆς
810 2715 906 2750 σιγῆς
925 2703 1123 2750 ἐποιήσατο.
1141 2726 1181 2736 -
1199 2707 1267 2744 i-e.
1288 2713 1332 2756 τῇ
1348 2720 1436 2761 χειρὶ
1454 2722 1558 2752 κυνέ-

51 2767 155 2799 wn,
170 2773 208 2786 .-.
231 2753 286 2799 η)
313 2765 438 2799 πολλῆς
457 2760 491 2794 ἐκ
512 2761 640 2793 πάντων
660 2753 806 2801 ἡσυχίας
824 2761 1010 2803 γενομένης»
1028 2767 1101 2796 etc.
1127 2756 1243 2796 Ovid.
1268 2758 1451 2810 Pastquam
1464 2774 1558 2802 voce
