<?xml version="1.0" encoding="UTF-8"?>
<!DOCTYPE html PUBLIC "-//W3C//DTD XHTML 1.0 Transitional//EN"
    "http://www.w3.org/TR/xhtml1/DTD/xhtml1-transitional.dtd">
<html xmlns="http://www.w3.org/1999/xhtml" xml:lang="en" lang="en">
 <head>
  <title>
</title>
<meta http-equiv="Content-Type" content="text/html;charset=utf-8" />
  <meta name='ocr-system' content='tesseract 3.04.00' />
  <meta name='ocr-capabilities' content='ocr_page ocr_carea ocr_par ocr_line ocrx_word'/>
</head>
<body>
  <div class='ocr_page' id='page_1' title='image "./historiarumlibri01hero_0201.png"; bbox 0 0 1798 3163; ppageno 0'>
   <div class='ocr_carea' id='block_1_1' title="bbox 0 0 32 2975">
    <p class='ocr_par' dir='ltr' id='par_1_1' title="bbox 0 0 32 2975">
     <span class='ocr_line' id='line_1_1' title="bbox 0 0 32 2975; baseline 0 0"><span class='ocrx_word' id='word_1_1' title='bbox 0 0 32 2975; x_wconf 95' lang='lat' dir='ltr'> </span> 
     </span>
    </p>
   </div>
   <div class='ocr_carea' id='block_1_2' title="bbox 173 129 1607 188">
    <p class='ocr_par' dir='ltr' id='par_1_2' title="bbox 173 129 1607 188">
     <span class='ocr_line' id='line_1_2' title="bbox 173 129 1607 188; baseline -0.003 -9"><span class='ocrx_word' id='word_1_2' title='bbox 173 132 399 179; x_wconf 88' lang='lat' dir='ltr'>LIBERI.</span> <span class='ocrx_word' id='word_1_3' title='bbox 433 129 558 176; x_wconf 92' lang='lat' dir='ltr'>CAP.</span> <span class='ocrx_word' id='word_1_4' title='bbox 582 131 638 174; x_wconf 88' lang='lat' dir='ltr'>V.</span> <span class='ocrx_word' id='word_1_5' title='bbox 679 132 732 175; x_wconf 92' lang='lat' dir='ltr'>A.</span> <span class='ocrx_word' id='word_1_6' title='bbox 756 130 812 174; x_wconf 93' lang='lat' dir='ltr'>V.</span> <span class='ocrx_word' id='word_1_7' title='bbox 837 131 886 175; x_wconf 93' lang='lat' dir='ltr'>C.</span> <span class='ocrx_word' id='word_1_8' title='bbox 914 139 1035 184; x_wconf 86' lang='lat'>933.</span> <span class='ocrx_word' id='word_1_9' title='bbox 1074 130 1212 176; x_wconf 89' lang='lat' dir='ltr'>CHR.</span> <span class='ocrx_word' id='word_1_10' title='bbox 1235 131 1300 176; x_wconf 87' lang='lat' dir='ltr'>N.</span> <span class='ocrx_word' id='word_1_11' title='bbox 1329 132 1448 181; x_wconf 77' lang='lat'>180:</span> <span class='ocrx_word' id='word_1_12' title='bbox 1508 143 1607 188; x_wconf 81' lang='lat'>¹43</span> 
     </span>
    </p>
   </div>
   <div class='ocr_carea' id='block_1_3' title="bbox 32 239 1612 465">
    <p class='ocr_par' dir='ltr' id='par_1_3' title="bbox 32 239 1612 465">
     <span class='ocr_line' id='line_1_3' title="bbox 97 239 1612 318; baseline 0.003 -24"><span class='ocrx_word' id='word_1_13' title='bbox 97 242 184 314; x_wconf 72' lang='grc' dir='ltr'>δῳ,</span> <span class='ocrx_word' id='word_1_14' title='bbox 227 242 433 295; x_wconf 68' lang='grc' dir='ltr'><em>ἀνελθὼν</em></span> <span class='ocrx_word' id='word_1_15' title='bbox 467 245 536 294; x_wconf 79' lang='grc' dir='ltr'>ἐπ’</span> <span class='ocrx_word' id='word_1_16' title='bbox 571 239 705 303; x_wconf 73' lang='grc' dir='ltr'><strong><em>αὐτὸ,</em></strong></span> <span class='ocrx_word' id='word_1_17' title='bbox 755 251 833 294; x_wconf 75' lang='grc' dir='ltr'>καὶ</span> <span class='ocrx_word' id='word_1_18' title='bbox 868 264 955 312; x_wconf 90' lang='lat' dir='ltr'>que</span> <span class='ocrx_word' id='word_1_19' title='bbox 990 247 1031 295; x_wconf 88' lang='lat' dir='ltr'>se</span> <span class='ocrx_word' id='word_1_20' title='bbox 1058 248 1313 298; x_wconf 87' lang='lat' dir='ltr'>constitutos</span> <span class='ocrx_word' id='word_1_21' title='bbox 1347 249 1514 303; x_wconf 84' lang='lat' dir='ltr'>habens</span> <span class='ocrx_word' id='word_1_22' title='bbox 1534 269 1612 318; x_wconf 76' lang='lat' dir='ltr'>pa-</span> 
     </span>
     <span class='ocr_line' id='line_1_4' title="bbox 96 316 1609 391; baseline 0.001 -18"><span class='ocrx_word' id='word_1_23' title='bbox 96 320 444 391; x_wconf 65' lang='grc' dir='ltr'><em>πεξιςησάμενος</em></span> <span class='ocrx_word' id='word_1_24' title='bbox 474 317 574 374; x_wconf 51' lang='lat' dir='ltr'>‘rods‘</span> <span class='ocrx_word' id='word_1_25' title='bbox 597 317 830 386; x_wconf 64' lang='grc' dir='ltr'><em>πατξῷσυς</em></span> <span class='ocrx_word' id='word_1_26' title='bbox 866 335 1014 370; x_wconf 84' lang='lat' dir='ltr'>ternos</span> <span class='ocrx_word' id='word_1_27' title='bbox 1073 328 1236 372; x_wconf 82' lang='lat' dir='ltr'>amicos</span> <span class='ocrx_word' id='word_1_28' title='bbox 1260 362 1271 383; x_wconf 88' lang='lat'>‚</span> <span class='ocrx_word' id='word_1_29' title='bbox 1336 316 1468 374; x_wconf 70' lang='lat' dir='ltr'>inulti</span> <span class='ocrx_word' id='word_1_30' title='bbox 1535 344 1609 374; x_wconf 52' lang='lat' dir='ltr'>au.-</span> 
     </span>
     <span class='ocr_line' id='line_1_5' title="bbox 32 390 1606 465; baseline 0.002 -17"><span class='ocrx_word' id='word_1_31' title='bbox 32 460 41 462; x_wconf 18' lang='grc'><strong>»</strong></span> <span class='ocrx_word' id='word_1_32' title='bbox 95 401 260 465; x_wconf 66' lang='grc' dir='ltr'><em>φίλους</em></span> <span class='ocrx_word' id='word_1_33' title='bbox 282 398 314 458; x_wconf 78' lang='lat' dir='ltr'>s,</span> <span class='ocrx_word' id='word_1_34' title='bbox 345 396 532 462; x_wconf 74' lang='grc' dir='ltr'>(πολλοὶ</span> <span class='ocrx_word' id='word_1_35' title='bbox 553 405 567 428; x_wconf 69' lang='lat' dir='ltr'>t</span> <span class='ocrx_word' id='word_1_36' title='bbox 589 390 640 443; x_wconf 63' lang='grc' dir='ltr'>δὲ</span> <span class='ocrx_word' id='word_1_37' title='bbox 659 395 736 442; x_wconf 74' lang='grc' dir='ltr'>καὶ</span> <span class='ocrx_word' id='word_1_38' title='bbox 756 393 828 442; x_wconf 73' lang='grc' dir='ltr'>λᾶ-</span> <span class='ocrx_word' id='word_1_39' title='bbox 863 413 954 445; x_wconf 86' lang='lat' dir='ltr'>tem</span> <span class='ocrx_word' id='word_1_40' title='bbox 1000 409 1043 446; x_wconf 85' lang='lat' dir='ltr'>et</span> <span class='ocrx_word' id='word_1_41' title='bbox 1104 401 1265 448; x_wconf 82' lang='lat' dir='ltr'>eruditi</span> <span class='ocrx_word' id='word_1_42' title='bbox 1319 413 1446 464; x_wconf 61' lang='lat' dir='ltr'>erant</span> <span class='ocrx_word' id='word_1_43' title='bbox 1501 420 1606 452; x_wconf 87' lang='lat' dir='ltr'>cum</span> 
     </span>
    </p>
   </div>
   <div class='ocr_carea' id='block_1_4' title="bbox 91 513 1608 692">
    <p class='ocr_par' dir='ltr' id='par_1_4' title="bbox 91 513 1608 692">
     <span class='ocr_line' id='line_1_6' title="bbox 140 513 1608 556; baseline 0 -9"><span class='ocrx_word' id='word_1_44' title='bbox 140 516 172 556; x_wconf 85' lang='lat' dir='ltr'>s)</span> <span class='ocrx_word' id='word_1_45' title='bbox 197 523 266 554; x_wconf 72' lang='grc' dir='ltr'>φιλ.</span> <span class='ocrx_word' id='word_1_46' title='bbox 295 514 384 547; x_wconf 85' lang='lat' dir='ltr'>deest</span> <span class='ocrx_word' id='word_1_47' title='bbox 411 514 444 546; x_wconf 81' lang='lat' dir='ltr'>in</span> <span class='ocrx_word' id='word_1_48' title='bbox 472 514 542 546; x_wconf 83' lang='lat' dir='ltr'>Par.</span> <span class='ocrx_word' id='word_1_49' title='bbox 569 514 676 546; x_wconf 75' lang='lat' dir='ltr'>Leisn.</span> <span class='ocrx_word' id='word_1_50' title='bbox 721 513 754 544; x_wconf 82' lang='lat' dir='ltr'>in</span> <span class='ocrx_word' id='word_1_51' title='bbox 781 523 883 554; x_wconf 75' lang='lat' dir='ltr'>marg.</span> <span class='ocrx_word' id='word_1_52' title='bbox 909 515 952 545; x_wconf 78' lang='lat' dir='ltr'>A.</span> <span class='ocrx_word' id='word_1_53' title='bbox 973 523 1025 548; x_wconf 81' lang='lat'>2.,</span> <span class='ocrx_word' id='word_1_54' title='bbox 1058 523 1144 554; x_wconf 83' lang='lat' dir='ltr'>quae</span> <span class='ocrx_word' id='word_1_55' title='bbox 1161 523 1236 545; x_wconf 88' lang='lat' dir='ltr'>cum</span> <span class='ocrx_word' id='word_1_56' title='bbox 1264 513 1322 546; x_wconf 79' lang='lat' dir='ltr'>rel.</span> <span class='ocrx_word' id='word_1_57' title='bbox 1340 514 1418 546; x_wconf 90' lang='lat' dir='ltr'>edd.</span> <span class='ocrx_word' id='word_1_58' title='bbox 1436 521 1471 553; x_wconf 76' lang='grc' dir='ltr'>Φ.</span> <span class='ocrx_word' id='word_1_59' title='bbox 1489 514 1608 554; x_wconf 75' lang='lat' dir='ltr'>habet,</span> 
     </span>
     <span class='ocr_line' id='line_1_7' title="bbox 93 558 1606 606; baseline -0.003 -12"><span class='ocrx_word' id='word_1_60' title='bbox 93 571 224 606; x_wconf 79' lang='lat' dir='ltr'>praeter</span> <span class='ocrx_word' id='word_1_61' title='bbox 243 562 273 594; x_wconf 83' lang='grc' dir='ltr'>Β.</span> <span class='ocrx_word' id='word_1_62' title='bbox 286 571 338 598; x_wconf 89' lang='lat'>2.,</span> <span class='ocrx_word' id='word_1_63' title='bbox 369 560 456 591; x_wconf 87' lang='lat' dir='ltr'>unde</span> <span class='ocrx_word' id='word_1_64' title='bbox 475 560 545 591; x_wconf 83' lang='lat' dir='ltr'>Par.</span> <span class='ocrx_word' id='word_1_65' title='bbox 568 566 600 590; x_wconf 90' lang='lat'>1.</span> <span class='ocrx_word' id='word_1_66' title='bbox 620 558 714 590; x_wconf 80' lang='lat' dir='ltr'>duxit</span> <span class='ocrx_word' id='word_1_67' title='bbox 731 558 763 589; x_wconf 89' lang='lat' dir='ltr'>id</span> <span class='ocrx_word' id='word_1_68' title='bbox 779 559 869 589; x_wconf 72' lang='lat' dir='ltr'>vitii.</span> <span class='ocrx_word' id='word_1_69' title='bbox 923 562 948 596; x_wconf 80' lang='lat' dir='ltr'>t)</span> <span class='ocrx_word' id='word_1_70' title='bbox 975 564 1070 603; x_wconf 78' lang='lat' dir='ltr'>Qae</span> <span class='ocrx_word' id='word_1_71' title='bbox 1091 558 1216 591; x_wconf 80' lang='lat' dir='ltr'>inclusa</span> <span class='ocrx_word' id='word_1_72' title='bbox 1236 563 1267 599; x_wconf 93' lang='lat'>()</span> <span class='ocrx_word' id='word_1_73' title='bbox 1286 558 1364 592; x_wconf 86' lang='lat' dir='ltr'>sunt</span> <span class='ocrx_word' id='word_1_74' title='bbox 1382 562 1496 597; x_wconf 78' lang='lat' dir='ltr'>verba,</span> <span class='ocrx_word' id='word_1_75' title='bbox 1513 571 1606 592; x_wconf 78' lang='lat' dir='ltr'>non-</span> 
     </span>
     <span class='ocr_line' id='line_1_8' title="bbox 92 602 1606 644; baseline 0 -7"><span class='ocrx_word' id='word_1_76' title='bbox 92 606 156 640; x_wconf 75' lang='lat' dir='ltr'>nifi</span> <span class='ocrx_word' id='word_1_77' title='bbox 181 605 399 636; x_wconf 74' lang='lat' dir='ltr'>commatibus</span> <span class='ocrx_word' id='word_1_78' title='bbox 422 605 454 636; x_wconf 81' lang='lat' dir='ltr'>in</span> <span class='ocrx_word' id='word_1_79' title='bbox 474 605 539 637; x_wconf 81' lang='lat' dir='ltr'>MS.</span> <span class='ocrx_word' id='word_1_80' title='bbox 559 604 613 636; x_wconf 75' lang='lat' dir='ltr'>Ba.</span> <span class='ocrx_word' id='word_1_81' title='bbox 643 602 900 644; x_wconf 77' lang='lat' dir='ltr'>distinguuntur.</span> <span class='ocrx_word' id='word_1_82' title='bbox 923 602 1029 635; x_wconf 75' lang='lat' dir='ltr'>Mart.</span> <span class='ocrx_word' id='word_1_83' title='bbox 1072 603 1127 635; x_wconf 87' lang='lat' dir='ltr'>Ob</span> <span class='ocrx_word' id='word_1_84' title='bbox 1156 605 1252 636; x_wconf 82' lang='lat' dir='ltr'>aliam</span> <span class='ocrx_word' id='word_1_85' title='bbox 1278 606 1459 636; x_wconf 84' lang='lat' dir='ltr'>verborum</span> <span class='ocrx_word' id='word_1_86' title='bbox 1485 606 1606 638; x_wconf 68' lang='lat' dir='ltr'>restio-</span> 
     </span>
     <span class='ocr_line' id='line_1_9' title="bbox 91 647 1605 692; baseline 0 -9"><span class='ocrx_word' id='word_1_87' title='bbox 91 660 170 683; x_wconf 86' lang='lat' dir='ltr'>nem</span> <span class='ocrx_word' id='word_1_88' title='bbox 189 650 405 682; x_wconf 69' lang='lat' dir='ltr'>toleravimus</span> <span class='ocrx_word' id='word_1_89' title='bbox 425 650 480 681; x_wconf 74' lang='lat' dir='ltr'>hic</span> <span class='ocrx_word' id='word_1_90' title='bbox 499 648 588 692; x_wconf 72' lang='lat' dir='ltr'>signa</span> <span class='ocrx_word' id='word_1_91' title='bbox 611 647 838 691; x_wconf 71' lang='lat' dir='ltr'>parenthesis,</span> <span class='ocrx_word' id='word_1_92' title='bbox 873 657 961 690; x_wconf 83' lang='lat' dir='ltr'>quae</span> <span class='ocrx_word' id='word_1_93' title='bbox 989 647 1065 679; x_wconf 82' lang='lat' dir='ltr'>sunt</span> <span class='ocrx_word' id='word_1_94' title='bbox 1092 657 1152 690; x_wconf 85' lang='lat' dir='ltr'>per</span> <span class='ocrx_word' id='word_1_95' title='bbox 1176 649 1276 686; x_wconf 61' lang='lat' dir='ltr'>edd„</span> <span class='ocrx_word' id='word_1_96' title='bbox 1308 659 1442 691; x_wconf 76' lang='lat' dir='ltr'>praeter</span> <span class='ocrx_word' id='word_1_97' title='bbox 1460 652 1504 683; x_wconf 82' lang='lat' dir='ltr'>A.</span> <span class='ocrx_word' id='word_1_98' title='bbox 1527 660 1605 686; x_wconf 80' lang='lat' dir='ltr'>cum</span> 
     </span>
    </p>
   </div>
   <div class='ocr_carea' id='block_1_5' title="bbox 91 695 404 737">
    <p class='ocr_par' dir='ltr' id='par_1_5' title="bbox 91 695 404 737">
     <span class='ocr_line' id='line_1_10' title="bbox 91 695 404 737; baseline -0.01 -8"><span class='ocrx_word' id='word_1_99' title='bbox 91 695 130 729; x_wconf 90' lang='lat' dir='ltr'>B.</span> <span class='ocrx_word' id='word_1_100' title='bbox 151 704 182 728; x_wconf 82' lang='lat' dir='ltr'>r.</span> <span class='ocrx_word' id='word_1_101' title='bbox 211 704 244 726; x_wconf 82' lang='lat' dir='ltr'>et</span> <span class='ocrx_word' id='word_1_102' title='bbox 265 697 329 728; x_wconf 79' lang='lat' dir='ltr'>Ms.</span> <span class='ocrx_word' id='word_1_103' title='bbox 348 696 404 737; x_wconf 85' lang='lat' dir='ltr'>Bg.</span> 
     </span>
    </p>
   </div>
   <div class='ocr_carea' id='block_1_6' title="bbox 68 787 1606 2797">
    <p class='ocr_par' dir='ltr' id='par_1_6' title="bbox 68 787 1606 2797">
     <span class='ocr_line' id='line_1_11' title="bbox 139 787 1606 841; baseline 0 -13"><span class='ocrx_word' id='word_1_104' title='bbox 139 791 272 835; x_wconf 66' lang='grc' dir='ltr'><strong>ἂνελθ.)</strong></span> <span class='ocrx_word' id='word_1_105' title='bbox 301 789 344 826; x_wconf 87' lang='lat' dir='ltr'>ln</span> <span class='ocrx_word' id='word_1_106' title='bbox 375 802 410 825; x_wconf 83' lang='lat' dir='ltr'>v.</span> <span class='ocrx_word' id='word_1_107' title='bbox 432 789 506 825; x_wconf 87' lang='lat' dir='ltr'>hoc</span> <span class='ocrx_word' id='word_1_108' title='bbox 532 801 590 837; x_wconf 85' lang='lat' dir='ltr'>ap.</span> <span class='ocrx_word' id='word_1_109' title='bbox 609 791 690 840; x_wconf 81' lang='lat' dir='ltr'>Stp.</span> <span class='ocrx_word' id='word_1_110' title='bbox 711 790 784 827; x_wconf 78' lang='lat' dir='ltr'>Th.</span> <span class='ocrx_word' id='word_1_111' title='bbox 811 802 844 832; x_wconf 84' lang='lat'>1,</span> <span class='ocrx_word' id='word_1_112' title='bbox 869 793 973 841; x_wconf 80' lang='lat'>1267.</span> <span class='ocrx_word' id='word_1_113' title='bbox 994 802 1028 828; x_wconf 86' lang='lat' dir='ltr'>e.</span> <span class='ocrx_word' id='word_1_114' title='bbox 1072 787 1294 832; x_wconf 82' lang='lat' dir='ltr'>„invenitur</span> <span class='ocrx_word' id='word_1_115' title='bbox 1319 787 1430 825; x_wconf 84' lang='lat' dir='ltr'>etiam</span> <span class='ocrx_word' id='word_1_116' title='bbox 1456 787 1606 828; x_wconf 67' lang='grc' dir='ltr'><strong><em>ἂνελθῶν</em></strong></span> 
     </span>
     <span class='ocr_line' id='line_1_12' title="bbox 91 836 1605 888; baseline -0.002 -11"><span class='ocrx_word' id='word_1_117' title='bbox 91 836 326 886; x_wconf 53' lang='lat' dir='ltr'>{vaspium-03,</span> <span class='ocrx_word' id='word_1_118' title='bbox 360 852 462 888; x_wconf 85' lang='lat' dir='ltr'><em>quum</em></span> <span class='ocrx_word' id='word_1_119' title='bbox 492 839 652 876; x_wconf 77' lang='lat' dir='ltr'>tribunal</span> <span class='ocrx_word' id='word_1_120' title='bbox 673 839 939 888; x_wconf 60' lang='lat' dir='ltr'>conscendilleW</span> <span class='ocrx_word' id='word_1_121' title='bbox 971 838 1019 876; x_wconf 83' lang='lat' dir='ltr'>fic</span> <span class='ocrx_word' id='word_1_122' title='bbox 1046 838 1245 880; x_wconf 75' lang='lat' dir='ltr'>mendose,</span> <span class='ocrx_word' id='word_1_123' title='bbox 1285 851 1353 887; x_wconf 87' lang='lat' dir='ltr'>pro</span> <span class='ocrx_word' id='word_1_124' title='bbox 1375 844 1428 876; x_wconf 75' lang='grc' dir='ltr'>ἐπὶ</span> <span class='ocrx_word' id='word_1_125' title='bbox 1446 845 1546 885; x_wconf 56' lang='lat' dir='ltr'>finit..</span> <span class='ocrx_word' id='word_1_126' title='bbox 1581 851 1605 875; x_wconf 86' lang='lat' dir='ltr'>e</span> 
     </span>
     <span class='ocr_line' id='line_1_13' title="bbox 90 887 1604 936; baseline 0 -11"><span class='ocrx_word' id='word_1_127' title='bbox 90 889 229 929; x_wconf 85' lang='lat' dir='ltr'>Nostro</span> <span class='ocrx_word' id='word_1_128' title='bbox 250 894 284 931; x_wconf 83' lang='lat'>6,</span> <span class='ocrx_word' id='word_1_129' title='bbox 307 899 339 935; x_wconf 81' lang='lat'>3,</span> <span class='ocrx_word' id='word_1_130' title='bbox 358 902 412 934; x_wconf 81' lang='lat'>4.,</span> <span class='ocrx_word' id='word_1_131' title='bbox 440 887 487 924; x_wconf 89' lang='lat' dir='ltr'>cf.</span> <span class='ocrx_word' id='word_1_132' title='bbox 506 889 546 924; x_wconf 77' lang='grc' dir='ltr'>Ι..</span> <span class='ocrx_word' id='word_1_133' title='bbox 571 890 678 931; x_wconf 88' lang='lat' dir='ltr'>Ern.,</span> <span class='ocrx_word' id='word_1_134' title='bbox 704 890 766 925; x_wconf 79' lang='lat' dir='ltr'>ubi</span> <span class='ocrx_word' id='word_1_135' title='bbox 789 900 828 925; x_wconf 80' lang='lat' dir='ltr'>et</span> <span class='ocrx_word' id='word_1_136' title='bbox 845 890 961 936; x_wconf 80' lang='lat' dir='ltr'>fimpl.</span> <span class='ocrx_word' id='word_1_137' title='bbox 984 889 1063 925; x_wconf 84' lang='lat' dir='ltr'>Lat.</span> <span class='ocrx_word' id='word_1_138' title='bbox 1082 888 1228 934; x_wconf 78' lang='lat' dir='ltr'>scando.</span> <span class='ocrx_word' id='word_1_139' title='bbox 1257 887 1297 925; x_wconf 81' lang='lat' dir='ltr'>it.</span> <span class='ocrx_word' id='word_1_140' title='bbox 1319 889 1361 924; x_wconf 89' lang='lat' dir='ltr'>L.</span> <span class='ocrx_word' id='word_1_141' title='bbox 1372 888 1422 924; x_wconf 92' lang='lat' dir='ltr'>N.</span> <span class='ocrx_word' id='word_1_142' title='bbox 1433 889 1482 924; x_wconf 88' lang='lat' dir='ltr'>T.</span> <span class='ocrx_word' id='word_1_143' title='bbox 1499 912 1510 929; x_wconf 93' lang='lat'>‚</span> <span class='ocrx_word' id='word_1_144' title='bbox 1537 887 1604 925; x_wconf 80' lang='lat' dir='ltr'>ubi</span> 
     </span>
     <span class='ocr_line' id='line_1_14' title="bbox 90 934 1604 985; baseline -0.001 -9"><span class='ocrx_word' id='word_1_145' title='bbox 90 939 204 976; x_wconf 82' lang='lat' dir='ltr'>etiam</span> <span class='ocrx_word' id='word_1_146' title='bbox 225 950 309 974; x_wconf 82' lang='lat' dir='ltr'>cum</span> <span class='ocrx_word' id='word_1_147' title='bbox 331 943 394 979; x_wconf 72' lang='grc' dir='ltr'>εἰς,</span> <span class='ocrx_word' id='word_1_148' title='bbox 430 948 474 973; x_wconf 87' lang='lat' dir='ltr'>ut</span> <span class='ocrx_word' id='word_1_149' title='bbox 500 950 555 985; x_wconf 80' lang='lat' dir='ltr'>ap.</span> <span class='ocrx_word' id='word_1_150' title='bbox 572 938 694 975; x_wconf 85' lang='lat' dir='ltr'>Nostr.</span> <span class='ocrx_word' id='word_1_151' title='bbox 715 938 822 980; x_wconf 77' lang='lat' dir='ltr'>alibi,</span> <span class='ocrx_word' id='word_1_152' title='bbox 860 951 900 975; x_wconf 82' lang='lat' dir='ltr'>et</span> <span class='ocrx_word' id='word_1_153' title='bbox 920 940 963 974; x_wconf 79' lang='lat' dir='ltr'>R.</span> <span class='ocrx_word' id='word_1_154' title='bbox 986 939 1052 977; x_wconf 83' lang='lat' dir='ltr'>Or.</span> <span class='ocrx_word' id='word_1_155' title='bbox 1072 939 1115 974; x_wconf 90' lang='lat' dir='ltr'>V.</span> <span class='ocrx_word' id='word_1_156' title='bbox 1140 945 1172 977; x_wconf 75' lang='grc' dir='ltr'>ε.</span> <span class='ocrx_word' id='word_1_157' title='bbox 1204 938 1285 973; x_wconf 82' lang='lat' dir='ltr'>lnd.</span> <span class='ocrx_word' id='word_1_158' title='bbox 1307 934 1421 978; x_wconf 65' lang='lat' dir='ltr'>Dim,</span> <span class='ocrx_word' id='word_1_159' title='bbox 1457 948 1541 973; x_wconf 87' lang='lat' dir='ltr'>cum</span> <span class='ocrx_word' id='word_1_160' title='bbox 1565 942 1604 974; x_wconf 68' lang='grc' dir='ltr'>ἐκ</span> 
     </span>
     <span class='ocr_line' id='line_1_15' title="bbox 90 983 1603 1035; baseline -0.003 -11"><span class='ocrx_word' id='word_1_161' title='bbox 90 1000 149 1035; x_wconf 81' lang='lat' dir='ltr'>ap.</span> <span class='ocrx_word' id='word_1_162' title='bbox 172 987 362 1024; x_wconf 65' lang='lat' dir='ltr'>Hom.&#39;03.</span> <span class='ocrx_word' id='word_1_163' title='bbox 381 983 429 1034; x_wconf 75' lang='grc' dir='ltr'>ζ’,</span> <span class='ocrx_word' id='word_1_164' title='bbox 452 990 530 1031; x_wconf 82' lang='lat'>167.</span> <span class='ocrx_word' id='word_1_165' title='bbox 543 1013 554 1030; x_wconf 89' lang='lat'>,</span> <span class='ocrx_word' id='word_1_166' title='bbox 579 986 628 1024; x_wconf 89' lang='lat' dir='ltr'>cf.</span> <span class='ocrx_word' id='word_1_167' title='bbox 640 1001 674 1023; x_wconf 92' lang='lat' dir='ltr'>v.</span> <span class='ocrx_word' id='word_1_168' title='bbox 696 993 797 1032; x_wconf 83' lang='lat'>163.,</span> <span class='ocrx_word' id='word_1_169' title='bbox 821 987 881 1024; x_wconf 88' lang='lat' dir='ltr'>sed</span> <span class='ocrx_word' id='word_1_170' title='bbox 899 987 1066 1022; x_wconf 80' lang='lat' dir='ltr'>absolute</span> <span class='ocrx_word' id='word_1_171' title='bbox 1077 985 1279 1032; x_wconf 67' lang='lat' dir='ltr'>orph..x19.</span> <span class='ocrx_word' id='word_1_172' title='bbox 1297 994 1354 1025; x_wconf 84' lang='lat'>18,</span> <span class='ocrx_word' id='word_1_173' title='bbox 1367 989 1441 1029; x_wconf 87' lang='lat'>64.,</span> <span class='ocrx_word' id='word_1_174' title='bbox 1460 985 1603 1033; x_wconf 69' lang='lat' dir='ltr'>adsi-en-</span> 
     </span>
     <span class='ocr_line' id='line_1_16' title="bbox 91 1033 1604 1083; baseline -0.004 -9"><span class='ocrx_word' id='word_1_175' title='bbox 91 1039 250 1077; x_wconf 82' lang='lat' dir='ltr'>dentem‚</span> <span class='ocrx_word' id='word_1_176' title='bbox 287 1036 351 1072; x_wconf 82' lang='lat' dir='ltr'>ubi</span> <span class='ocrx_word' id='word_1_177' title='bbox 380 1036 498 1073; x_wconf 75' lang='lat' dir='ltr'>valeat</span> <span class='ocrx_word' id='word_1_178' title='bbox 526 1035 588 1072; x_wconf 77' lang='lat' dir='ltr'>illa</span> <span class='ocrx_word' id='word_1_179' title='bbox 608 1039 687 1081; x_wconf 76' lang='lat' dir='ltr'>Sep.</span> <span class='ocrx_word' id='word_1_180' title='bbox 710 1037 820 1072; x_wconf 89' lang='lat' dir='ltr'>notio</span> <span class='ocrx_word' id='word_1_181' title='bbox 851 1045 918 1082; x_wconf 85' lang='lat' dir='ltr'>pro</span> <span class='ocrx_word' id='word_1_182' title='bbox 933 1033 1069 1083; x_wconf 63' lang='grc' dir='ltr'>[ιω-[πω</span> <span class='ocrx_word' id='word_1_183' title='bbox 1084 1034 1269 1082; x_wconf 82' lang='lat' dir='ltr'><em>scandere,</em></span> <span class='ocrx_word' id='word_1_184' title='bbox 1303 1046 1322 1069; x_wconf 90' lang='lat' dir='ltr'>a</span> <span class='ocrx_word' id='word_1_185' title='bbox 1341 1036 1382 1071; x_wconf 92' lang='lat' dir='ltr'>L.</span> <span class='ocrx_word' id='word_1_186' title='bbox 1404 1037 1493 1070; x_wconf 64' lang='grc' dir='ltr'>[πη.</span> <span class='ocrx_word' id='word_1_187' title='bbox 1520 1045 1604 1072; x_wconf 84' lang='lat' dir='ltr'>non</span> 
     </span>
     <span class='ocr_line' id='line_1_17' title="bbox 89 1081 1603 1133; baseline -0.004 -9"><span class='ocrx_word' id='word_1_188' title='bbox 89 1087 271 1133; x_wconf 76' lang='lat' dir='ltr'>repetita.</span> <span class='ocrx_word' id='word_1_189' title='bbox 320 1096 405 1121; x_wconf 87' lang='lat' dir='ltr'>cum</span> <span class='ocrx_word' id='word_1_190' title='bbox 435 1084 516 1121; x_wconf 80' lang='lat' dir='ltr'>adv.</span> <span class='ocrx_word' id='word_1_191' title='bbox 543 1097 604 1132; x_wconf 87' lang='lat' dir='ltr'>ap.</span> <span class='ocrx_word' id='word_1_192' title='bbox 620 1085 725 1120; x_wconf 85' lang='lat' dir='ltr'>Arist.</span> <span class='ocrx_word' id='word_1_193' title='bbox 748 1086 815 1120; x_wconf 86' lang='lat' dir='ltr'>Av.</span> <span class='ocrx_word' id='word_1_194' title='bbox 838 1096 872 1119; x_wconf 92' lang='lat' dir='ltr'>v.</span> <span class='ocrx_word' id='word_1_195' title='bbox 906 1088 1037 1128; x_wconf 82' lang='lat'>1561.‚</span> <span class='ocrx_word' id='word_1_196' title='bbox 1079 1084 1192 1121; x_wconf 65' lang='lat' dir='ltr'>eciam</span> <span class='ocrx_word' id='word_1_197' title='bbox 1219 1082 1338 1130; x_wconf 85' lang='lat' dir='ltr'>Orph.</span> <span class='ocrx_word' id='word_1_198' title='bbox 1355 1084 1378 1119; x_wconf 86' lang='lat'>1.</span> <span class='ocrx_word' id='word_1_199' title='bbox 1397 1081 1421 1119; x_wconf 81' lang='lat'>1.</span> <span class='ocrx_word' id='word_1_200' title='bbox 1447 1095 1503 1127; x_wconf 86' lang='lat'>15,</span> <span class='ocrx_word' id='word_1_201' title='bbox 1523 1094 1603 1128; x_wconf 85' lang='lat'>97.‚</span> 
     </span>
     <span class='ocr_line' id='line_1_18' title="bbox 91 1132 1602 1181; baseline -0.002 -10"><span class='ocrx_word' id='word_1_202' title='bbox 91 1136 157 1172; x_wconf 80' lang='lat' dir='ltr'>ubi</span> <span class='ocrx_word' id='word_1_203' title='bbox 180 1147 247 1181; x_wconf 90' lang='lat' dir='ltr'>pro</span> <span class='ocrx_word' id='word_1_204' title='bbox 269 1135 408 1175; x_wconf 73' lang='lat' dir='ltr'>redire,</span> <span class='ocrx_word' id='word_1_205' title='bbox 435 1134 483 1169; x_wconf 86' lang='lat' dir='ltr'>cf.</span> <span class='ocrx_word' id='word_1_206' title='bbox 504 1134 586 1180; x_wconf 90' lang='lat' dir='ltr'>Stp.</span> <span class='ocrx_word' id='word_1_207' title='bbox 604 1133 678 1169; x_wconf 88' lang='lat' dir='ltr'>Th.</span> <span class='ocrx_word' id='word_1_208' title='bbox 698 1135 811 1170; x_wconf 85' lang='lat' dir='ltr'>modo</span> <span class='ocrx_word' id='word_1_209' title='bbox 830 1147 874 1169; x_wconf 80' lang='lat' dir='ltr'>ex</span> <span class='ocrx_word' id='word_1_210' title='bbox 894 1133 977 1170; x_wconf 78' lang='lat' dir='ltr'>Hes.</span> <span class='ocrx_word' id='word_1_211' title='bbox 996 1146 1028 1175; x_wconf 83' lang='lat'>1,</span> <span class='ocrx_word' id='word_1_212' title='bbox 1052 1138 1134 1181; x_wconf 83' lang='lat'>368.</span> <span class='ocrx_word' id='word_1_213' title='bbox 1155 1132 1242 1169; x_wconf 85' lang='lat' dir='ltr'>Abr.</span> <span class='ocrx_word' id='word_1_214' title='bbox 1259 1132 1305 1167; x_wconf 84' lang='lat' dir='ltr'>ad</span> <span class='ocrx_word' id='word_1_215' title='bbox 1323 1133 1453 1169; x_wconf 86' lang='lat' dir='ltr'>Aesch.</span> <span class='ocrx_word' id='word_1_216' title='bbox 1472 1143 1504 1176; x_wconf 84' lang='lat'>1,</span> <span class='ocrx_word' id='word_1_217' title='bbox 1520 1135 1602 1176; x_wconf 89' lang='grc' dir='ltr'><strong><em>ι96.</em></strong></span> 
     </span>
     <span class='ocr_line' id='line_1_19' title="bbox 89 1181 1603 1230; baseline -0.001 -10"><span class='ocrx_word' id='word_1_218' title='bbox 89 1183 115 1220; x_wconf 80' lang='lat' dir='ltr'>i.</span> <span class='ocrx_word' id='word_1_219' title='bbox 136 1195 174 1220; x_wconf 86' lang='lat' dir='ltr'>et</span> <span class='ocrx_word' id='word_1_220' title='bbox 193 1182 269 1219; x_wconf 75' lang='lat' dir='ltr'>Dii.</span> <span class='ocrx_word' id='word_1_221' title='bbox 291 1183 364 1218; x_wconf 90' lang='lat' dir='ltr'>Th.</span> <span class='ocrx_word' id='word_1_222' title='bbox 389 1194 520 1230; x_wconf 86' lang='lat' dir='ltr'>p.475.</span> <span class='ocrx_word' id='word_1_223' title='bbox 541 1196 597 1224; x_wconf 85' lang='lat' dir='ltr'>e.,</span> <span class='ocrx_word' id='word_1_224' title='bbox 625 1183 736 1219; x_wconf 82' lang='lat' dir='ltr'>etiam</span> <span class='ocrx_word' id='word_1_225' title='bbox 754 1183 793 1219; x_wconf 88' lang='lat' dir='ltr'>L.</span> <span class='ocrx_word' id='word_1_226' title='bbox 814 1183 862 1219; x_wconf 92' lang='lat' dir='ltr'>N.</span> <span class='ocrx_word' id='word_1_227' title='bbox 875 1184 922 1219; x_wconf 84' lang='lat' dir='ltr'>T.</span> <span class='ocrx_word' id='word_1_228' title='bbox 934 1182 1051 1219; x_wconf 81' lang='lat' dir='ltr'>Schw.</span> <span class='ocrx_word' id='word_1_229' title='bbox 1068 1183 1142 1219; x_wconf 82' lang='lat' dir='ltr'>fine</span> <span class='ocrx_word' id='word_1_230' title='bbox 1161 1182 1245 1217; x_wconf 83' lang='lat' dir='ltr'>loco</span> <span class='ocrx_word' id='word_1_231' title='bbox 1260 1206 1270 1221; x_wconf 92' lang='lat'>,</span> <span class='ocrx_word' id='word_1_232' title='bbox 1295 1181 1358 1219; x_wconf 85' lang='lat' dir='ltr'>sed</span> <span class='ocrx_word' id='word_1_233' title='bbox 1377 1182 1558 1218; x_wconf 86' lang='lat' dir='ltr'>1nd.Luc.</span> <span class='ocrx_word' id='word_1_234' title='bbox 1578 1193 1603 1218; x_wconf 86' lang='lat' dir='ltr'>e</span> 
     </span>
     <span class='ocr_line' id='line_1_20' title="bbox 85 1230 1603 1280; baseline 0 -12"><span class='ocrx_word' id='word_1_235' title='bbox 85 1234 174 1268; x_wconf 78' lang='lat' dir='ltr'>loco</span> <span class='ocrx_word' id='word_1_236' title='bbox 195 1230 339 1279; x_wconf 84' lang='lat' dir='ltr'>primo,</span> <span class='ocrx_word' id='word_1_237' title='bbox 370 1243 409 1267; x_wconf 88' lang='lat' dir='ltr'>et</span> <span class='ocrx_word' id='word_1_238' title='bbox 430 1232 477 1267; x_wconf 92' lang='lat' dir='ltr'>G.</span> <span class='ocrx_word' id='word_1_239' title='bbox 499 1231 574 1267; x_wconf 89' lang='lat' dir='ltr'>Th.</span> <span class='ocrx_word' id='word_1_240' title='bbox 596 1232 637 1268; x_wconf 84' lang='lat' dir='ltr'>in</span> <span class='ocrx_word' id='word_1_241' title='bbox 656 1234 720 1280; x_wconf 76' lang='lat' dir='ltr'>Eg.</span> <span class='ocrx_word' id='word_1_242' title='bbox 740 1246 761 1268; x_wconf 82' lang='lat' dir='ltr'>e</span> <span class='ocrx_word' id='word_1_243' title='bbox 783 1235 820 1269; x_wconf 83' lang='lat' dir='ltr'>P.</span> <span class='ocrx_word' id='word_1_244' title='bbox 847 1242 989 1279; x_wconf 83' lang='lat' dir='ltr'>„auget</span> <span class='ocrx_word' id='word_1_245' title='bbox 1005 1243 1045 1269; x_wconf 83' lang='lat' dir='ltr'>et</span> <span class='ocrx_word' id='word_1_246' title='bbox 1061 1234 1167 1268; x_wconf 85' lang='lat' dir='ltr'>velut</span> <span class='ocrx_word' id='word_1_247' title='bbox 1180 1232 1347 1278; x_wconf 84' lang='lat' dir='ltr'>complet</span> <span class='ocrx_word' id='word_1_248' title='bbox 1367 1230 1603 1279; x_wconf 85' lang='lat' dir='ltr'>fimpl.scan-</span> 
     </span>
     <span class='ocr_line' id='line_1_21' title="bbox 85 1279 1600 1330; baseline -0.001 -13"><span class='ocrx_word' id='word_1_249' title='bbox 85 1282 150 1325; x_wconf 74' lang='lat' dir='ltr'>dv,</span> <span class='ocrx_word' id='word_1_250' title='bbox 178 1282 215 1328; x_wconf 90' lang='lat' dir='ltr'>(e</span> <span class='ocrx_word' id='word_1_251' title='bbox 231 1281 450 1323; x_wconf 81' lang='lat' dir='ltr'>notatione,</span> <span class='ocrx_word' id='word_1_252' title='bbox 472 1280 535 1318; x_wconf 89' lang='lat' dir='ltr'>sed</span> <span class='ocrx_word' id='word_1_253' title='bbox 550 1293 588 1317; x_wconf 88' lang='lat' dir='ltr'>er</span> <span class='ocrx_word' id='word_1_254' title='bbox 607 1294 670 1328; x_wconf 90' lang='lat' dir='ltr'>per</span> <span class='ocrx_word' id='word_1_255' title='bbox 690 1280 794 1318; x_wconf 87' lang='lat' dir='ltr'>usum</span> <span class='ocrx_word' id='word_1_256' title='bbox 814 1283 837 1317; x_wconf 93' lang='lat' dir='ltr'>i.</span> <span class='ocrx_word' id='word_1_257' title='bbox 858 1294 894 1330; x_wconf 87' lang='lat' dir='ltr'>q.</span> <span class='ocrx_word' id='word_1_258' title='bbox 913 1281 1028 1330; x_wconf 72' lang='lat' dir='ltr'>(impl.</span> <span class='ocrx_word' id='word_1_259' title='bbox 1047 1292 1086 1318; x_wconf 87' lang='lat' dir='ltr'>et</span> <span class='ocrx_word' id='word_1_260' title='bbox 1106 1279 1295 1328; x_wconf 53' lang='lat' dir='ltr'>adli-endo,</span> <span class='ocrx_word' id='word_1_261' title='bbox 1321 1292 1364 1316; x_wconf 88' lang='lat' dir='ltr'>ut</span> <span class='ocrx_word' id='word_1_262' title='bbox 1382 1281 1470 1317; x_wconf 87' lang='lat' dir='ltr'>Niz.</span> <span class='ocrx_word' id='word_1_263' title='bbox 1488 1282 1600 1323; x_wconf 77' lang='lat' dir='ltr'>bene,</span> 
     </span>
     <span class='ocr_line' id='line_1_22' title="bbox 85 1328 1600 1378; baseline -0.001 -9"><span class='ocrx_word' id='word_1_264' title='bbox 85 1330 152 1369; x_wconf 77' lang='lat' dir='ltr'>ubi</span> <span class='ocrx_word' id='word_1_265' title='bbox 173 1343 256 1367; x_wconf 88' lang='lat' dir='ltr'>curn</span> <span class='ocrx_word' id='word_1_266' title='bbox 278 1330 344 1366; x_wconf 89' lang='lat' dir='ltr'>Gr.</span> <span class='ocrx_word' id='word_1_267' title='bbox 362 1343 400 1368; x_wconf 88' lang='lat' dir='ltr'>n.</span> <span class='ocrx_word' id='word_1_268' title='bbox 420 1328 564 1374; x_wconf 69' lang='lat' dir='ltr'>etiarm)</span> <span class='ocrx_word' id='word_1_269' title='bbox 583 1331 627 1366; x_wconf 82' lang='lat' dir='ltr'>ad</span> <span class='ocrx_word' id='word_1_270' title='bbox 648 1331 791 1378; x_wconf 77' lang='lat' dir='ltr'>aliquid</span> <span class='ocrx_word' id='word_1_271' title='bbox 810 1330 1011 1368; x_wconf 58' lang='lat' dir='ltr'>scanderefl</span> <span class='ocrx_word' id='word_1_272' title='bbox 1040 1332 1227 1378; x_wconf 83' lang='lat' dir='ltr'>habetque</span> <span class='ocrx_word' id='word_1_273' title='bbox 1249 1340 1321 1366; x_wconf 87' lang='lat' dir='ltr'>utr.</span> <span class='ocrx_word' id='word_1_274' title='bbox 1347 1329 1461 1366; x_wconf 83' lang='lat' dir='ltr'>etiam</span> <span class='ocrx_word' id='word_1_275' title='bbox 1472 1330 1600 1367; x_wconf 85' lang='lat' dir='ltr'>secum</span> 
     </span>
     <span class='ocr_line' id='line_1_23' title="bbox 85 1379 1048 1430; baseline 0 -15"><span class='ocrx_word' id='word_1_276' title='bbox 85 1392 143 1430; x_wconf 86' lang='lat' dir='ltr'>pr.</span> <span class='ocrx_word' id='word_1_277' title='bbox 162 1381 264 1416; x_wconf 77' lang='lat' dir='ltr'>adet</span> <span class='ocrx_word' id='word_1_278' title='bbox 282 1380 341 1419; x_wconf 79' lang='lat' dir='ltr'>in,</span> <span class='ocrx_word' id='word_1_279' title='bbox 374 1379 421 1415; x_wconf 89' lang='lat' dir='ltr'>cf.</span> <span class='ocrx_word' id='word_1_280' title='bbox 443 1379 522 1416; x_wconf 86' lang='lat' dir='ltr'>lnd.</span> <span class='ocrx_word' id='word_1_281' title='bbox 543 1381 665 1416; x_wconf 79' lang='lat' dir='ltr'>Arum.</span> <span class='ocrx_word' id='word_1_282' title='bbox 685 1382 739 1416; x_wconf 90' lang='lat' dir='ltr'>M.</span> <span class='ocrx_word' id='word_1_283' title='bbox 759 1393 842 1418; x_wconf 86' lang='lat' dir='ltr'>cum</span> <span class='ocrx_word' id='word_1_284' title='bbox 859 1381 926 1418; x_wconf 76' lang='lat' dir='ltr'>lui.</span> <span class='ocrx_word' id='word_1_285' title='bbox 948 1379 1048 1416; x_wconf 84' lang='lat' dir='ltr'>Caes.</span> 
     </span>
     <span class='ocr_line' id='line_1_24' title="bbox 86 1427 1600 1478; baseline -0.003 -12"><span class='ocrx_word' id='word_1_286' title='bbox 86 1438 87 1441; x_wconf 75' lang='grc'>’</span> <span class='ocrx_word' id='word_1_287' title='bbox 133 1430 304 1476; x_wconf 58' lang='lat' dir='ltr'>meane.)</span> <span class='ocrx_word' id='word_1_288' title='bbox 331 1430 394 1478; x_wconf 85' lang='lat' dir='ltr'>Bg.</span> <span class='ocrx_word' id='word_1_289' title='bbox 415 1428 548 1466; x_wconf 75' lang='lat' dir='ltr'>melius</span> <span class='ocrx_word' id='word_1_290' title='bbox 563 1455 573 1471; x_wconf 93' lang='lat'>,</span> <span class='ocrx_word' id='word_1_291' title='bbox 597 1442 706 1478; x_wconf 81' lang='lat' dir='ltr'>quam</span> <span class='ocrx_word' id='word_1_292' title='bbox 729 1431 788 1472; x_wconf 72' lang='lat' dir='ltr'>R,</span> <span class='ocrx_word' id='word_1_293' title='bbox 813 1430 971 1478; x_wconf 69' lang='lat' dir='ltr'>expressa</span> <span class='ocrx_word' id='word_1_294' title='bbox 994 1428 1090 1465; x_wconf 89' lang='lat' dir='ltr'>med.</span> <span class='ocrx_word' id='word_1_295' title='bbox 1112 1427 1294 1469; x_wconf 79' lang='lat' dir='ltr'>notione,</span> <span class='ocrx_word' id='word_1_296' title='bbox 1321 1439 1448 1466; x_wconf 84' lang='lat' dir='ltr'>tamen</span> <span class='ocrx_word' id='word_1_297' title='bbox 1465 1439 1510 1464; x_wconf 89' lang='lat' dir='ltr'>ut</span> <span class='ocrx_word' id='word_1_298' title='bbox 1527 1427 1600 1466; x_wconf 85' lang='lat' dir='ltr'>ite.</span> 
     </span>
     <span class='ocr_line' id='line_1_25' title="bbox 85 1477 1599 1527; baseline 0 -12"><span class='ocrx_word' id='word_1_299' title='bbox 85 1491 168 1515; x_wconf 80' lang='lat' dir='ltr'>rum</span> <span class='ocrx_word' id='word_1_300' title='bbox 191 1478 385 1515; x_wconf 83' lang='lat' dir='ltr'>induceret</span> <span class='ocrx_word' id='word_1_301' title='bbox 412 1478 572 1514; x_wconf 74' lang='lat' dir='ltr'>formam</span> <span class='ocrx_word' id='word_1_302' title='bbox 591 1478 673 1527; x_wconf 79' lang='lat' dir='ltr'>paff.</span> <span class='ocrx_word' id='word_1_303' title='bbox 695 1492 781 1516; x_wconf 87' lang='lat' dir='ltr'>curn</span> <span class='ocrx_word' id='word_1_304' title='bbox 802 1493 836 1516; x_wconf 81' lang='lat' dir='ltr'>v.</span> <span class='ocrx_word' id='word_1_305' title='bbox 857 1478 1041 1520; x_wconf 82' lang='lat' dir='ltr'>auxiliari,</span> <span class='ocrx_word' id='word_1_306' title='bbox 1075 1478 1120 1514; x_wconf 78' lang='lat' dir='ltr'>ad</span> <span class='ocrx_word' id='word_1_307' title='bbox 1149 1477 1367 1514; x_wconf 74' lang='lat' dir='ltr'>nostratium</span> <span class='ocrx_word' id='word_1_308' title='bbox 1396 1477 1599 1517; x_wconf 65' lang='lat' dir='ltr'>rationem,</span> 
     </span>
     <span class='ocr_line' id='line_1_26' title="bbox 83 1526 1600 1578; baseline 0 -13"><span class='ocrx_word' id='word_1_309' title='bbox 83 1540 140 1565; x_wconf 78' lang='lat' dir='ltr'>um</span> <span class='ocrx_word' id='word_1_310' title='bbox 159 1526 230 1563; x_wconf 79' lang='lat' dir='ltr'>fich</span> <span class='ocrx_word' id='word_1_311' title='bbox 247 1527 311 1563; x_wconf 83' lang='lat' dir='ltr'>her</span> <span class='ocrx_word' id='word_1_312' title='bbox 329 1528 455 1564; x_wconf 85' lang='lat' dir='ltr'>stehen</span> <span class='ocrx_word' id='word_1_313' title='bbox 475 1528 583 1564; x_wconf 80' lang='lat' dir='ltr'>baben</span> <span class='ocrx_word' id='word_1_314' title='bbox 595 1552 606 1570; x_wconf 91' lang='lat'>,</span> <span class='ocrx_word' id='word_1_315' title='bbox 635 1528 697 1566; x_wconf 85' lang='lat' dir='ltr'>sed</span> <span class='ocrx_word' id='word_1_316' title='bbox 718 1529 799 1564; x_wconf 80' lang='lat' dir='ltr'>Sch.</span> <span class='ocrx_word' id='word_1_317' title='bbox 829 1541 968 1577; x_wconf 84' lang='lat' dir='ltr'><strong>„quum</strong></span> <span class='ocrx_word' id='word_1_318' title='bbox 985 1529 1086 1565; x_wconf 78' lang='lat' dir='ltr'>circa</span> <span class='ocrx_word' id='word_1_319' title='bbox 1104 1527 1319 1578; x_wconf 71' lang='lat' dir='ltr'>festitiſje&#39;t‘*</span> <span class='ocrx_word' id='word_1_320' title='bbox 1346 1526 1395 1562; x_wconf 89' lang='lat' dir='ltr'>cf.</span> <span class='ocrx_word' id='word_1_321' title='bbox 1413 1539 1444 1568; x_wconf 90' lang='lat'>1,</span> <span class='ocrx_word' id='word_1_322' title='bbox 1457 1541 1493 1571; x_wconf 85' lang='lat'>4,</span> <span class='ocrx_word' id='word_1_323' title='bbox 1508 1539 1535 1563; x_wconf 89' lang='lat'>1.</span> <span class='ocrx_word' id='word_1_324' title='bbox 1548 1541 1600 1565; x_wconf 83' lang='lat' dir='ltr'>tn.</span> 
     </span>
     <span class='ocr_line' id='line_1_27' title="bbox 84 1576 1600 1626; baseline -0.005 -6"><span class='ocrx_word' id='word_1_325' title='bbox 84 1592 281 1623; x_wconf 60' lang='grc' dir='ltr'>παραῖηση</span> <span class='ocrx_word' id='word_1_326' title='bbox 316 1589 334 1612; x_wconf 77' lang='lat' dir='ltr'>a</span> <span class='ocrx_word' id='word_1_327' title='bbox 354 1588 431 1623; x_wconf 83' lang='lat' dir='ltr'>quo</span> <span class='ocrx_word' id='word_1_328' title='bbox 450 1577 612 1614; x_wconf 82' lang='lat' dir='ltr'>nostrum</span> <span class='ocrx_word' id='word_1_329' title='bbox 635 1591 672 1618; x_wconf 89' lang='lat' dir='ltr'>v.</span> <span class='ocrx_word' id='word_1_330' title='bbox 693 1591 847 1626; x_wconf 79' lang='lat' dir='ltr'>propter</span> <span class='ocrx_word' id='word_1_331' title='bbox 866 1591 987 1625; x_wconf 78' lang='lat' dir='ltr'>praep.</span> <span class='ocrx_word' id='word_1_332' title='bbox 1013 1576 1138 1613; x_wconf 80' lang='lat' dir='ltr'>differt</span> <span class='ocrx_word' id='word_1_333' title='bbox 1164 1588 1307 1612; x_wconf 79' lang='lat' dir='ltr'>rantum</span> <span class='ocrx_word' id='word_1_334' title='bbox 1335 1576 1375 1612; x_wconf 87' lang='lat' dir='ltr'>in</span> <span class='ocrx_word' id='word_1_335' title='bbox 1395 1577 1507 1612; x_wconf 90' lang='lat' dir='ltr'>modo</span> <span class='ocrx_word' id='word_1_336' title='bbox 1528 1589 1600 1614; x_wconf 88' lang='lat' dir='ltr'>no·</span> 
     </span>
     <span class='ocr_line' id='line_1_28' title="bbox 84 1625 1597 1675; baseline 0 -12"><span class='ocrx_word' id='word_1_337' title='bbox 84 1626 203 1663; x_wconf 88' lang='lat' dir='ltr'>tionis</span> <span class='ocrx_word' id='word_1_338' title='bbox 218 1653 229 1668; x_wconf 89' lang='lat'>,</span> <span class='ocrx_word' id='word_1_339' title='bbox 251 1639 335 1662; x_wconf 88' lang='lat' dir='ltr'>cum</span> <span class='ocrx_word' id='word_1_340' title='bbox 352 1625 418 1667; x_wconf 87' lang='lat' dir='ltr'>fit,</span> <span class='ocrx_word' id='word_1_341' title='bbox 445 1626 573 1664; x_wconf 84' lang='lat' dir='ltr'>iubere</span> <span class='ocrx_word' id='word_1_342' title='bbox 593 1639 703 1675; x_wconf 89' lang='lat' dir='ltr'>quem</span> <span class='ocrx_word' id='word_1_343' title='bbox 724 1628 813 1664; x_wconf 81' lang='lat' dir='ltr'>circa</span> <span class='ocrx_word' id='word_1_344' title='bbox 836 1627 872 1664; x_wconf 87' lang='lat' dir='ltr'>se</span> <span class='ocrx_word' id='word_1_345' title='bbox 889 1628 1000 1668; x_wconf 83' lang='lat' dir='ltr'>stare,</span> <span class='ocrx_word' id='word_1_346' title='bbox 1027 1628 1070 1663; x_wconf 78' lang='lat' dir='ltr'>ab</span> <span class='ocrx_word' id='word_1_347' title='bbox 1089 1638 1254 1673; x_wconf 86' lang='lat' dir='ltr'>utroque</span> <span class='ocrx_word' id='word_1_348' title='bbox 1275 1627 1402 1668; x_wconf 79' lang='lat' dir='ltr'>latere,</span> <span class='ocrx_word' id='word_1_349' title='bbox 1429 1639 1447 1662; x_wconf 85' lang='lat' dir='ltr'>a</span> <span class='ocrx_word' id='word_1_350' title='bbox 1466 1626 1597 1663; x_wconf 78' lang='lat' dir='ltr'>dextra</span> 
     </span>
     <span class='ocr_line' id='line_1_29' title="bbox 83 1670 1597 1725; baseline 0.001 -13"><span class='ocrx_word' id='word_1_351' title='bbox 83 1687 124 1712; x_wconf 86' lang='lat' dir='ltr'>et</span> <span class='ocrx_word' id='word_1_352' title='bbox 139 1675 284 1716; x_wconf 76' lang='lat' dir='ltr'>sinistra,</span> <span class='ocrx_word' id='word_1_353' title='bbox 314 1687 353 1712; x_wconf 88' lang='lat' dir='ltr'>et</span> <span class='ocrx_word' id='word_1_354' title='bbox 375 1688 393 1711; x_wconf 87' lang='lat' dir='ltr'>a</span> <span class='ocrx_word' id='word_1_355' title='bbox 415 1688 534 1725; x_wconf 82' lang='lat' dir='ltr'>tergo,</span> <span class='ocrx_word' id='word_1_356' title='bbox 559 1689 602 1713; x_wconf 88' lang='lat' dir='ltr'>ut</span> <span class='ocrx_word' id='word_1_357' title='bbox 621 1677 780 1713; x_wconf 80' lang='lat' dir='ltr'>circulus</span> <span class='ocrx_word' id='word_1_358' title='bbox 799 1676 862 1713; x_wconf 76' lang='lat' dir='ltr'>fiat</span> <span class='ocrx_word' id='word_1_359' title='bbox 882 1689 902 1712; x_wconf 88' lang='lat' dir='ltr'>a</span> <span class='ocrx_word' id='word_1_360' title='bbox 921 1675 1257 1714; x_wconf 74' lang='lat' dir='ltr'>circumstantibus,</span> <span class='ocrx_word' id='word_1_361' title='bbox 1284 1677 1383 1712; x_wconf 84' lang='lat' dir='ltr'>intra</span> <span class='ocrx_word' id='word_1_362' title='bbox 1402 1670 1514 1722; x_wconf 70' lang='lat' dir='ltr'>queifl</span> <span class='ocrx_word' id='word_1_363' title='bbox 1527 1676 1597 1713; x_wconf 87' lang='lat' dir='ltr'>stet</span> 
     </span>
     <span class='ocr_line' id='line_1_30' title="bbox 84 1724 1594 1775; baseline 0 -14"><span class='ocrx_word' id='word_1_364' title='bbox 84 1724 220 1772; x_wconf 80' lang='lat' dir='ltr'>aliquis</span> <span class='ocrx_word' id='word_1_365' title='bbox 238 1724 340 1761; x_wconf 85' lang='lat' dir='ltr'>velut</span> <span class='ocrx_word' id='word_1_366' title='bbox 360 1725 524 1767; x_wconf 84' lang='lat' dir='ltr'>medius;</span> <span class='ocrx_word' id='word_1_367' title='bbox 550 1738 625 1775; x_wconf 85' lang='lat' dir='ltr'>quo</span> <span class='ocrx_word' id='word_1_368' title='bbox 638 1725 684 1762; x_wconf 88' lang='lat' dir='ltr'>de</span> <span class='ocrx_word' id='word_1_369' title='bbox 703 1726 806 1775; x_wconf 62' lang='lat' dir='ltr'>sensu</span> <span class='ocrx_word' id='word_1_370' title='bbox 830 1726 868 1762; x_wconf 88' lang='lat' dir='ltr'>in</span> <span class='ocrx_word' id='word_1_371' title='bbox 887 1727 985 1762; x_wconf 84' lang='lat' dir='ltr'>med.</span> <span class='ocrx_word' id='word_1_372' title='bbox 1004 1725 1097 1762; x_wconf 78' lang='lat' dir='ltr'>nihil</span> <span class='ocrx_word' id='word_1_373' title='bbox 1117 1724 1156 1760; x_wconf 87' lang='lat' dir='ltr'>in</span> <span class='ocrx_word' id='word_1_374' title='bbox 1178 1724 1238 1761; x_wconf 82' lang='lat' dir='ltr'>lib.</span> <span class='ocrx_word' id='word_1_375' title='bbox 1253 1724 1299 1761; x_wconf 88' lang='lat' dir='ltr'>de</span> <span class='ocrx_word' id='word_1_376' title='bbox 1310 1725 1354 1760; x_wconf 93' lang='lat' dir='ltr'>V.</span> <span class='ocrx_word' id='word_1_377' title='bbox 1367 1724 1464 1760; x_wconf 87' lang='lat' dir='ltr'>med.</span> <span class='ocrx_word' id='word_1_378' title='bbox 1475 1724 1594 1762; x_wconf 80' lang='lat' dir='ltr'>Fisch.</span> 
     </span>
     <span class='ocr_line' id='line_1_31' title="bbox 84 1773 1594 1824; baseline 0.002 -17"><span class='ocrx_word' id='word_1_379' title='bbox 84 1783 122 1820; x_wconf 87' lang='lat' dir='ltr'>p.</span> <span class='ocrx_word' id='word_1_380' title='bbox 147 1783 272 1820; x_wconf 81' lang='lat' dir='ltr'>374.c.</span> <span class='ocrx_word' id='word_1_381' title='bbox 294 1773 371 1820; x_wconf 85' lang='lat' dir='ltr'>sqq.</span> <span class='ocrx_word' id='word_1_382' title='bbox 399 1774 442 1809; x_wconf 80' lang='lat' dir='ltr'>ad</span> <span class='ocrx_word' id='word_1_383' title='bbox 462 1774 599 1811; x_wconf 87' lang='lat' dir='ltr'>Thorn.</span> <span class='ocrx_word' id='word_1_384' title='bbox 618 1776 669 1811; x_wconf 88' lang='lat' dir='ltr'>M.</span> <span class='ocrx_word' id='word_1_385' title='bbox 690 1789 726 1824; x_wconf 87' lang='lat' dir='ltr'>p.</span> <span class='ocrx_word' id='word_1_386' title='bbox 740 1785 820 1821; x_wconf 73' lang='lat'>703.</span> <span class='ocrx_word' id='word_1_387' title='bbox 848 1787 888 1812; x_wconf 82' lang='lat' dir='ltr'>et</span> <span class='ocrx_word' id='word_1_388' title='bbox 903 1776 992 1812; x_wconf 83' lang='lat' dir='ltr'>Luc.</span> <span class='ocrx_word' id='word_1_389' title='bbox 1005 1783 1037 1821; x_wconf 88' lang='lat'>3,</span> <span class='ocrx_word' id='word_1_390' title='bbox 1061 1777 1141 1819; x_wconf 87' lang='lat'>566.</span> <span class='ocrx_word' id='word_1_391' title='bbox 1163 1774 1209 1811; x_wconf 89' lang='lat' dir='ltr'>N.</span> <span class='ocrx_word' id='word_1_392' title='bbox 1231 1783 1309 1819; x_wconf 67' lang='lat'>98„</span> <span class='ocrx_word' id='word_1_393' title='bbox 1343 1786 1413 1811; x_wconf 90' lang='lat' dir='ltr'>nec</span> <span class='ocrx_word' id='word_1_394' title='bbox 1432 1785 1489 1821; x_wconf 82' lang='lat' dir='ltr'>ap.</span> <span class='ocrx_word' id='word_1_395' title='bbox 1511 1776 1594 1822; x_wconf 87' lang='lat' dir='ltr'>Stp.</span> 
     </span>
     <span class='ocr_line' id='line_1_32' title="bbox 83 1822 1596 1870; baseline 0.002 -12"><span class='ocrx_word' id='word_1_396' title='bbox 83 1822 160 1858; x_wconf 92' lang='lat' dir='ltr'>Th.</span> <span class='ocrx_word' id='word_1_397' title='bbox 183 1833 214 1863; x_wconf 83' lang='grc' dir='ltr'>ι,</span> <span class='ocrx_word' id='word_1_398' title='bbox 236 1831 338 1868; x_wconf 81' lang='lat'>1783.</span> <span class='ocrx_word' id='word_1_399' title='bbox 353 1847 363 1864; x_wconf 87' lang='lat'><strong><em>‚</em></strong></span> <span class='ocrx_word' id='word_1_400' title='bbox 390 1823 456 1858; x_wconf 71' lang='lat' dir='ltr'>nisi</span> <span class='ocrx_word' id='word_1_401' title='bbox 475 1824 516 1859; x_wconf 92' lang='lat' dir='ltr'>C.</span> <span class='ocrx_word' id='word_1_402' title='bbox 539 1837 586 1859; x_wconf 89' lang='lat' dir='ltr'>m.</span> <span class='ocrx_word' id='word_1_403' title='bbox 615 1836 636 1860; x_wconf 90' lang='lat' dir='ltr'>e</span> <span class='ocrx_word' id='word_1_404' title='bbox 654 1823 744 1860; x_wconf 84' lang='lat' dir='ltr'>Bud.</span> <span class='ocrx_word' id='word_1_405' title='bbox 766 1825 806 1859; x_wconf 91' lang='lat' dir='ltr'>C.</span> <span class='ocrx_word' id='word_1_406' title='bbox 829 1836 911 1870; x_wconf 73' lang='lat'>590,</span> <span class='ocrx_word' id='word_1_407' title='bbox 931 1839 965 1870; x_wconf 84' lang='lat'>4.</span> <span class='ocrx_word' id='word_1_408' title='bbox 994 1836 1077 1860; x_wconf 86' lang='lat' dir='ltr'>cum</span> <span class='ocrx_word' id='word_1_409' title='bbox 1106 1836 1229 1870; x_wconf 81' lang='lat' dir='ltr'>praep.</span> <span class='ocrx_word' id='word_1_410' title='bbox 1257 1823 1386 1860; x_wconf 88' lang='lat' dir='ltr'>eadem</span> <span class='ocrx_word' id='word_1_411' title='bbox 1419 1829 1596 1869; x_wconf 62' lang='grc' dir='ltr'>ηφρουρᾰν</span> 
     </span>
     <span class='ocr_line' id='line_1_33' title="bbox 85 1866 1595 1919; baseline -0.002 -9"><span class='ocrx_word' id='word_1_412' title='bbox 85 1866 333 1917; x_wconf 61' lang='grc' dir='ltr'>περιςιῖσασθοω</span> <span class='ocrx_word' id='word_1_413' title='bbox 353 1879 427 1917; x_wconf 64' lang='grc' dir='ltr'>περὶ</span> <span class='ocrx_word' id='word_1_414' title='bbox 446 1871 486 1908; x_wconf 74' lang='grc' dir='ltr'>τὸ</span> <span class='ocrx_word' id='word_1_415' title='bbox 507 1880 626 1916; x_wconf 69' lang='grc' dir='ltr'>σῶμα,</span> <span class='ocrx_word' id='word_1_416' title='bbox 652 1873 1094 1919; x_wconf 79' lang='lat' dir='ltr'>custodesfibiapponere</span> <span class='ocrx_word' id='word_1_417' title='bbox 1113 1885 1152 1908; x_wconf 84' lang='lat' dir='ltr'>et</span> <span class='ocrx_word' id='word_1_418' title='bbox 1171 1872 1321 1919; x_wconf 82' lang='lat' dir='ltr'>corpori</span> <span class='ocrx_word' id='word_1_419' title='bbox 1340 1871 1595 1908; x_wconf 78' lang='lat' dir='ltr'>circumdare“</span> 
     </span>
     <span class='ocr_line' id='line_1_34' title="bbox 84 1919 1594 1970; baseline 0.001 -15"><span class='ocrx_word' id='word_1_420' title='bbox 84 1931 155 1970; x_wconf 83' lang='lat' dir='ltr'>pro</span> <span class='ocrx_word' id='word_1_421' title='bbox 175 1921 273 1955; x_wconf 77' lang='lat' dir='ltr'><em>circa</em></span> <span class='ocrx_word' id='word_1_422' title='bbox 293 1930 416 1969; x_wconf 74' lang='lat' dir='ltr'>corpus</span> <span class='ocrx_word' id='word_1_423' title='bbox 435 1919 497 1956; x_wconf 82' lang='lat' dir='ltr'>fibi</span> <span class='ocrx_word' id='word_1_424' title='bbox 518 1923 655 1961; x_wconf 83' lang='lat' dir='ltr'>locare.</span> <span class='ocrx_word' id='word_1_425' title='bbox 683 1921 744 1957; x_wconf 76' lang='lat' dir='ltr'>fibi</span> <span class='ocrx_word' id='word_1_426' title='bbox 766 1921 854 1957; x_wconf 78' lang='lat' dir='ltr'>stare</span> <span class='ocrx_word' id='word_1_427' title='bbox 877 1921 1024 1962; x_wconf 82' lang='lat' dir='ltr'>iubere,</span> <span class='ocrx_word' id='word_1_428' title='bbox 1052 1921 1075 1956; x_wconf 91' lang='lat' dir='ltr'>s.</span> <span class='ocrx_word' id='word_1_429' title='bbox 1095 1922 1191 1958; x_wconf 83' lang='lat' dir='ltr'>circa</span> <span class='ocrx_word' id='word_1_430' title='bbox 1213 1934 1348 1968; x_wconf 87' lang='lat' dir='ltr'>corpus</span> <span class='ocrx_word' id='word_1_431' title='bbox 1369 1921 1497 1963; x_wconf 89' lang='lat' dir='ltr'>suum,</span> <span class='ocrx_word' id='word_1_432' title='bbox 1530 1920 1594 1957; x_wconf 84' lang='lat' dir='ltr'>sed</span> 
     </span>
     <span class='ocr_line' id='line_1_35' title="bbox 83 1967 1593 2017; baseline 0.005 -14"><span class='ocrx_word' id='word_1_433' title='bbox 83 1970 167 2007; x_wconf 79' lang='lat' dir='ltr'>Ael.</span> <span class='ocrx_word' id='word_1_434' title='bbox 193 1969 238 2004; x_wconf 88' lang='lat' dir='ltr'>V.</span> <span class='ocrx_word' id='word_1_435' title='bbox 260 1969 296 2004; x_wconf 91' lang='lat' dir='ltr'>h.</span> <span class='ocrx_word' id='word_1_436' title='bbox 321 1979 354 2015; x_wconf 86' lang='lat'>3,</span> <span class='ocrx_word' id='word_1_437' title='bbox 382 1981 434 2013; x_wconf 82' lang='lat'>¹9.</span> <span class='ocrx_word' id='word_1_438' title='bbox 455 1981 490 2017; x_wconf 88' lang='lat' dir='ltr'>p.</span> <span class='ocrx_word' id='word_1_439' title='bbox 508 1982 586 2014; x_wconf 83' lang='lat'>255.</span> <span class='ocrx_word' id='word_1_440' title='bbox 600 1971 623 2008; x_wconf 85' lang='lat' dir='ltr'>i.</span> <span class='ocrx_word' id='word_1_441' title='bbox 652 1974 793 2008; x_wconf 68' lang='grc' dir='ltr'><strong>ἐπεθετο</strong></span> <span class='ocrx_word' id='word_1_442' title='bbox 809 1975 856 2016; x_wconf 77' lang='grc' dir='ltr'>τῷ</span> <span class='ocrx_word' id='word_1_443' title='bbox 876 1976 1027 2008; x_wconf 59' lang='grc' dir='ltr'><strong><em>Πλάτωνι</em></strong></span> <span class='ocrx_word' id='word_1_444' title='bbox 1051 1971 1285 2016; x_wconf 57' lang='lat' dir='ltr'>’Aeas-orfime,</span> <span class='ocrx_word' id='word_1_445' title='bbox 1318 1967 1424 2017; x_wconf 68' lang='grc' dir='ltr'><em>χορόν</em></span> <span class='ocrx_word' id='word_1_446' title='bbox 1442 1987 1517 2007; x_wconf 70' lang='grc' dir='ltr'>τινα</span> <span class='ocrx_word' id='word_1_447' title='bbox 1528 1977 1593 2007; x_wconf 68' lang='grc' dir='ltr'>τᾶν</span> 
     </span>
     <span class='ocr_line' id='line_1_36' title="bbox 83 2017 1595 2068; baseline -0.001 -12"><span class='ocrx_word' id='word_1_448' title='bbox 83 2017 246 2063; x_wconf 74' lang='grc' dir='ltr'>ὅμιλητῶν</span> <span class='ocrx_word' id='word_1_449' title='bbox 268 2017 390 2056; x_wconf 76' lang='grc' dir='ltr'><strong><em>ἑαυτοῦ</em></strong></span> <span class='ocrx_word' id='word_1_450' title='bbox 409 2026 670 2066; x_wconf 67' lang='grc' dir='ltr'><strong><em>πεςιςκσάμενος</em></strong></span> <span class='ocrx_word' id='word_1_451' title='bbox 684 2045 694 2062; x_wconf 87' lang='grc'><strong>,</strong></span> <span class='ocrx_word' id='word_1_452' title='bbox 716 2019 894 2068; x_wconf 69' lang='lat' dir='ltr'>aggrffts</span> <span class='ocrx_word' id='word_1_453' title='bbox 914 2019 961 2066; x_wconf 83' lang='lat' dir='ltr'>est</span> <span class='ocrx_word' id='word_1_454' title='bbox 980 2020 1163 2055; x_wconf 79' lang='lat' dir='ltr'>Platonem</span> <span class='ocrx_word' id='word_1_455' title='bbox 1183 2019 1417 2061; x_wconf 75' lang='lat' dir='ltr'>Aristoteles,</span> <span class='ocrx_word' id='word_1_456' title='bbox 1442 2021 1595 2055; x_wconf 81' lang='lat' dir='ltr'>circum-</span> 
     </span>
     <span class='ocr_line' id='line_1_37' title="bbox 81 2067 1594 2116; baseline 0.001 -12"><span class='ocrx_word' id='word_1_457' title='bbox 81 2070 173 2105; x_wconf 79' lang='lat' dir='ltr'>dans</span> <span class='ocrx_word' id='word_1_458' title='bbox 198 2079 281 2103; x_wconf 79' lang='lat' dir='ltr'>curn</span> <span class='ocrx_word' id='word_1_459' title='bbox 306 2068 448 2115; x_wconf 76' lang='lat' dir='ltr'>suorum</span> <span class='ocrx_word' id='word_1_460' title='bbox 483 2069 745 2115; x_wconf 74' lang='lat' dir='ltr'>diicipulorum</span> <span class='ocrx_word' id='word_1_461' title='bbox 774 2080 947 2106; x_wconf 78' lang='lat' dir='ltr'>caterva.</span> <span class='ocrx_word' id='word_1_462' title='bbox 988 2069 1065 2104; x_wconf 80' lang='lat' dir='ltr'>lnd.</span> <span class='ocrx_word' id='word_1_463' title='bbox 1097 2069 1346 2110; x_wconf 74' lang='lat' dir='ltr'>„circumdans</span> <span class='ocrx_word' id='word_1_464' title='bbox 1370 2067 1433 2116; x_wconf 70' lang='lat' dir='ltr'>ipsi</span> <span class='ocrx_word' id='word_1_465' title='bbox 1459 2078 1594 2106; x_wconf 83' lang='lat' dir='ltr'>coetum</span> 
     </span>
     <span class='ocr_line' id='line_1_38' title="bbox 77 2115 1594 2167; baseline 0.003 -16"><span class='ocrx_word' id='word_1_466' title='bbox 77 2115 216 2166; x_wconf 86' lang='lat' dir='ltr'>suorum</span> <span class='ocrx_word' id='word_1_467' title='bbox 237 2116 345 2165; x_wconf 88' lang='lat' dir='ltr'>disc.“</span> <span class='ocrx_word' id='word_1_468' title='bbox 372 2117 488 2153; x_wconf 84' lang='lat' dir='ltr'>immo</span> <span class='ocrx_word' id='word_1_469' title='bbox 507 2120 627 2153; x_wconf 79' lang='lat' dir='ltr'>iuhem-</span> <span class='ocrx_word' id='word_1_470' title='bbox 646 2117 667 2153; x_wconf 90' lang='lat' dir='ltr'>s.</span> <span class='ocrx_word' id='word_1_471' title='bbox 686 2117 862 2167; x_wconf 75' lang='lat' dir='ltr'>pcstquam</span> <span class='ocrx_word' id='word_1_472' title='bbox 883 2115 1017 2166; x_wconf 80' lang='lat' dir='ltr'>iuffiſje&#39;t</span> <span class='ocrx_word' id='word_1_473' title='bbox 1038 2129 1219 2153; x_wconf 77' lang='lat' dir='ltr'>catervam</span> <span class='ocrx_word' id='word_1_474' title='bbox 1233 2116 1376 2166; x_wconf 78' lang='lat' dir='ltr'>suorum</span> <span class='ocrx_word' id='word_1_475' title='bbox 1403 2117 1490 2155; x_wconf 77' lang='lat' dir='ltr'>diic.</span> <span class='ocrx_word' id='word_1_476' title='bbox 1512 2131 1594 2155; x_wconf 81' lang='lat' dir='ltr'>con·</span> 
     </span>
     <span class='ocr_line' id='line_1_39' title="bbox 68 2165 1591 2216; baseline 0.003 -14"><span class='ocrx_word' id='word_1_477' title='bbox 68 2165 198 2216; x_wconf 72' lang='lat' dir='ltr'>sistere</span> <span class='ocrx_word' id='word_1_478' title='bbox 216 2167 309 2202; x_wconf 82' lang='lat' dir='ltr'>circa</span> <span class='ocrx_word' id='word_1_479' title='bbox 320 2165 381 2215; x_wconf 85' lang='lat' dir='ltr'>se,</span> <span class='ocrx_word' id='word_1_480' title='bbox 414 2179 491 2203; x_wconf 89' lang='lat' dir='ltr'>non</span> <span class='ocrx_word' id='word_1_481' title='bbox 513 2168 611 2203; x_wconf 77' lang='lat' dir='ltr'>circa</span> <span class='ocrx_word' id='word_1_482' title='bbox 632 2181 704 2204; x_wconf 87' lang='lat' dir='ltr'>eum</span> <span class='ocrx_word' id='word_1_483' title='bbox 719 2192 729 2205; x_wconf 80' lang='lat'>.</span> <span class='ocrx_word' id='word_1_484' title='bbox 759 2168 974 2211; x_wconf 62' lang='lat' dir='ltr'>Platonem,</span> <span class='ocrx_word' id='word_1_485' title='bbox 1015 2179 1095 2202; x_wconf 85' lang='lat' dir='ltr'>tum</span> <span class='ocrx_word' id='word_1_486' title='bbox 1121 2168 1260 2202; x_wconf 79' lang='lat' dir='ltr'>Hcmst.</span> <span class='ocrx_word' id='word_1_487' title='bbox 1293 2167 1337 2202; x_wconf 79' lang='lat' dir='ltr'>ad</span> <span class='ocrx_word' id='word_1_488' title='bbox 1356 2167 1463 2203; x_wconf 85' lang='lat' dir='ltr'>Arist.</span> <span class='ocrx_word' id='word_1_489' title='bbox 1491 2167 1591 2207; x_wconf 76' lang='lat' dir='ltr'>Plut.</span> 
     </span>
     <span class='ocr_line' id='line_1_40' title="bbox 80 2215 1590 2264; baseline 0.003 -14"><span class='ocrx_word' id='word_1_490' title='bbox 80 2226 118 2264; x_wconf 85' lang='lat' dir='ltr'>p.</span> <span class='ocrx_word' id='word_1_491' title='bbox 140 2225 320 2262; x_wconf 80' lang='lat' dir='ltr'>333.a.m.</span> <span class='ocrx_word' id='word_1_492' title='bbox 345 2217 548 2257; x_wconf 88' lang='lat' dir='ltr'>„dicuntur</span> <span class='ocrx_word' id='word_1_493' title='bbox 559 2218 683 2264; x_wconf 78' lang='lat' dir='ltr'>plures</span> <span class='ocrx_word' id='word_1_494' title='bbox 695 2219 999 2262; x_wconf 63' lang='grc' dir='ltr'>περιίςασθαίτινα</span> <span class='ocrx_word' id='word_1_495' title='bbox 1022 2216 1045 2251; x_wconf 89' lang='lat' dir='ltr'>s.</span> <span class='ocrx_word' id='word_1_496' title='bbox 1067 2222 1254 2261; x_wconf 50' lang='lat' dir='ltr'>met-rma,</span> <span class='ocrx_word' id='word_1_497' title='bbox 1280 2227 1344 2252; x_wconf 86' lang='lat' dir='ltr'>aut</span> <span class='ocrx_word' id='word_1_498' title='bbox 1356 2229 1452 2253; x_wconf 85' lang='lat' dir='ltr'>unus</span> <span class='ocrx_word' id='word_1_499' title='bbox 1464 2215 1590 2262; x_wconf 81' lang='lat' dir='ltr'>etiam,</span> 
     </span>
     <span class='ocr_line' id='line_1_41' title="bbox 82 2263 1591 2312; baseline 0.004 -12"><span class='ocrx_word' id='word_1_500' title='bbox 82 2277 294 2312; x_wconf 83' lang='lat' dir='ltr'>quanquam</span> <span class='ocrx_word' id='word_1_501' title='bbox 313 2268 426 2302; x_wconf 83' lang='lat' dir='ltr'>rarius</span> <span class='ocrx_word' id='word_1_502' title='bbox 440 2293 449 2308; x_wconf 90' lang='lat'><em>,</em></span> <span class='ocrx_word' id='word_1_503' title='bbox 478 2281 553 2312; x_wconf 65' lang='grc' dir='ltr'>περ.</span> <span class='ocrx_word' id='word_1_504' title='bbox 574 2266 632 2303; x_wconf 72' lang='grc' dir='ltr'>τᾶν</span> <span class='ocrx_word' id='word_1_505' title='bbox 654 2263 759 2311; x_wconf 70' lang='grc' dir='ltr'><em>ἕχλον</em></span> <span class='ocrx_word' id='word_1_506' title='bbox 773 2293 781 2306; x_wconf 89' lang='grc'>,</span> <span class='ocrx_word' id='word_1_507' title='bbox 818 2266 1104 2302; x_wconf 77' lang='lat' dir='ltr'>multitudinem</span> <span class='ocrx_word' id='word_1_508' title='bbox 1125 2266 1321 2302; x_wconf 79' lang='lat' dir='ltr'>hominurn</span> <span class='ocrx_word' id='word_1_509' title='bbox 1341 2266 1435 2302; x_wconf 70' lang='lat' dir='ltr'>circa</span> <span class='ocrx_word' id='word_1_510' title='bbox 1455 2266 1490 2303; x_wconf 84' lang='lat' dir='ltr'>se</span> <span class='ocrx_word' id='word_1_511' title='bbox 1515 2268 1591 2306; x_wconf 82' lang='lat' dir='ltr'>col-</span> 
     </span>
     <span class='ocr_line' id='line_1_42' title="bbox 79 2313 1591 2363; baseline 0.002 -13"><span class='ocrx_word' id='word_1_512' title='bbox 79 2313 224 2362; x_wconf 84' lang='lat' dir='ltr'>ligere“</span> <span class='ocrx_word' id='word_1_513' title='bbox 249 2327 343 2362; x_wconf 83' lang='lat' dir='ltr'>quae</span> <span class='ocrx_word' id='word_1_514' title='bbox 365 2316 538 2352; x_wconf 84' lang='lat' dir='ltr'>videntur</span> <span class='ocrx_word' id='word_1_515' title='bbox 559 2315 739 2362; x_wconf 73' lang='lat' dir='ltr'>respicere</span> <span class='ocrx_word' id='word_1_516' title='bbox 761 2316 956 2363; x_wconf 86' lang='lat' dir='ltr'>Theophr.</span> <span class='ocrx_word' id='word_1_517' title='bbox 978 2316 1084 2350; x_wconf 81' lang='lat' dir='ltr'>Char.</span> <span class='ocrx_word' id='word_1_518' title='bbox 1105 2319 1138 2355; x_wconf 82' lang='lat'>6,</span> <span class='ocrx_word' id='word_1_519' title='bbox 1165 2325 1195 2360; x_wconf 85' lang='lat'>3.</span> <span class='ocrx_word' id='word_1_520' title='bbox 1215 2314 1238 2349; x_wconf 88' lang='lat' dir='ltr'>i.</span> <span class='ocrx_word' id='word_1_521' title='bbox 1271 2323 1334 2352; x_wconf 74' lang='grc' dir='ltr'>τῶν</span> <span class='ocrx_word' id='word_1_522' title='bbox 1355 2324 1591 2363; x_wconf 54' lang='lat' dir='ltr'>mesimiana„</span> 
     </span>
     <span class='ocr_line' id='line_1_43' title="bbox 79 2359 1589 2417; baseline 0.005 -18"><span class='ocrx_word' id='word_1_523' title='bbox 79 2363 157 2405; x_wconf 71' lang='grc' dir='ltr'>τοδε</span> <span class='ocrx_word' id='word_1_524' title='bbox 183 2359 306 2407; x_wconf 63' lang='grc' dir='ltr'><strong><em>ὄχλους</em></strong></span> <span class='ocrx_word' id='word_1_525' title='bbox 326 2363 380 2408; x_wconf 56' lang='lat' dir='ltr'>xus*</span> <span class='ocrx_word' id='word_1_526' title='bbox 406 2361 704 2412; x_wconf 63' lang='grc' dir='ltr'>προσκαλοῦντων,</span> <span class='ocrx_word' id='word_1_527' title='bbox 728 2364 790 2401; x_wconf 81' lang='lat' dir='ltr'>ubi</span> <span class='ocrx_word' id='word_1_528' title='bbox 814 2379 849 2401; x_wconf 82' lang='lat' dir='ltr'>v.</span> <span class='ocrx_word' id='word_1_529' title='bbox 869 2366 932 2400; x_wconf 90' lang='lat' dir='ltr'>Vs.</span> <span class='ocrx_word' id='word_1_530' title='bbox 955 2364 1034 2400; x_wconf 76' lang='lat' dir='ltr'>Cas.</span> <span class='ocrx_word' id='word_1_531' title='bbox 1058 2376 1096 2401; x_wconf 83' lang='lat' dir='ltr'>et</span> <span class='ocrx_word' id='word_1_532' title='bbox 1118 2364 1163 2401; x_wconf 87' lang='lat' dir='ltr'>N.</span> <span class='ocrx_word' id='word_1_533' title='bbox 1187 2363 1228 2399; x_wconf 84' lang='lat' dir='ltr'>it.</span> <span class='ocrx_word' id='word_1_534' title='bbox 1251 2364 1331 2401; x_wconf 74' lang='lat' dir='ltr'>lnd.</span> <span class='ocrx_word' id='word_1_535' title='bbox 1351 2365 1489 2410; x_wconf 77' lang='lat' dir='ltr'>Fisch.‚</span> <span class='ocrx_word' id='word_1_536' title='bbox 1519 2382 1589 2417; x_wconf 81' lang='lat' dir='ltr'>pro</span> 
     </span>
     <span class='ocr_line' id='line_1_44' title="bbox 78 2412 1590 2465; baseline 0.003 -15"><span class='ocrx_word' id='word_1_537' title='bbox 78 2413 198 2448; x_wconf 77' lang='lat' dir='ltr'>iubere</span> <span class='ocrx_word' id='word_1_538' title='bbox 217 2414 309 2447; x_wconf 74' lang='lat' dir='ltr'>circa</span> <span class='ocrx_word' id='word_1_539' title='bbox 327 2414 364 2460; x_wconf 89' lang='lat' dir='ltr'>se</span> <span class='ocrx_word' id='word_1_540' title='bbox 385 2414 473 2450; x_wconf 76' lang='lat' dir='ltr'>stare</span> <span class='ocrx_word' id='word_1_541' title='bbox 490 2417 652 2456; x_wconf 71' lang='lat' dir='ltr'>turbam,</span> <span class='ocrx_word' id='word_1_542' title='bbox 681 2426 717 2450; x_wconf 82' lang='lat' dir='ltr'>et</span> <span class='ocrx_word' id='word_1_543' title='bbox 733 2416 829 2451; x_wconf 84' lang='lat' dir='ltr'>Xen.</span> <span class='ocrx_word' id='word_1_544' title='bbox 852 2415 939 2462; x_wconf 88' lang='lat' dir='ltr'>Cyr.</span> <span class='ocrx_word' id='word_1_545' title='bbox 957 2427 991 2457; x_wconf 91' lang='lat'>7,</span> <span class='ocrx_word' id='word_1_546' title='bbox 1017 2426 1049 2458; x_wconf 85' lang='lat'>5,</span> <span class='ocrx_word' id='word_1_547' title='bbox 1075 2417 1125 2449; x_wconf 85' lang='lat'>¹6.</span> <span class='ocrx_word' id='word_1_548' title='bbox 1151 2413 1175 2450; x_wconf 85' lang='lat' dir='ltr'>i.</span> <span class='ocrx_word' id='word_1_549' title='bbox 1210 2415 1255 2461; x_wconf 65' lang='grc' dir='ltr'>τῇ</span> <span class='ocrx_word' id='word_1_550' title='bbox 1278 2413 1306 2451; x_wconf 79' lang='grc' dir='ltr'>δ’</span> <span class='ocrx_word' id='word_1_551' title='bbox 1327 2412 1468 2465; x_wconf 67' lang='grc' dir='ltr'>ὖςεςαίᾳ</span> <span class='ocrx_word' id='word_1_552' title='bbox 1491 2417 1510 2455; x_wconf 84' lang='grc' dir='ltr'><em>ἇ</em></span> <span class='ocrx_word' id='word_1_553' title='bbox 1528 2426 1590 2463; x_wconf 63' lang='grc' dir='ltr'>μὲν</span> 
     </span>
     <span class='ocr_line' id='line_1_45' title="bbox 77 2460 1592 2515; baseline 0.001 -13"><span class='ocrx_word' id='word_1_554' title='bbox 77 2463 184 2509; x_wconf 67' lang='grc' dir='ltr'><strong><em>Κῦρος</em></strong></span> <span class='ocrx_word' id='word_1_555' title='bbox 212 2471 319 2508; x_wconf 70' lang='grc' dir='ltr'><em>παρῆν</em></span> <span class='ocrx_word' id='word_1_556' title='bbox 347 2469 391 2504; x_wconf 80' lang='grc' dir='ltr'>εἷς</span> <span class='ocrx_word' id='word_1_557' title='bbox 418 2461 463 2501; x_wconf 63' lang='grc' dir='ltr'>τὲ</span> <span class='ocrx_word' id='word_1_558' title='bbox 487 2462 569 2501; x_wconf 78' lang='grc' dir='ltr'><strong><em>αὐτ-δ</em></strong></span> <span class='ocrx_word' id='word_1_559' title='bbox 595 2471 728 2508; x_wconf 72' lang='grc' dir='ltr'><em>χωρίεν.</em></span> <span class='ocrx_word' id='word_1_560' title='bbox 755 2484 793 2492; x_wconf 91' lang='lat'>—·</span> <span class='ocrx_word' id='word_1_561' title='bbox 827 2463 848 2501; x_wconf 85' lang='lat' dir='ltr'>o‘</span> <span class='ocrx_word' id='word_1_562' title='bbox 871 2460 925 2501; x_wconf 76' lang='grc' dir='ltr'>οὖν</span> <span class='ocrx_word' id='word_1_563' title='bbox 953 2474 991 2501; x_wconf 82' lang='lat' dir='ltr'>K.</span> <span class='ocrx_word' id='word_1_564' title='bbox 1023 2469 1284 2509; x_wconf 63' lang='grc' dir='ltr'>πεξιςησᾶμενος</span> <span class='ocrx_word' id='word_1_565' title='bbox 1312 2467 1378 2503; x_wconf 80' lang='grc' dir='ltr'>τῶν</span> <span class='ocrx_word' id='word_1_566' title='bbox 1395 2466 1592 2515; x_wconf 49' lang='lat' dir='ltr'>&amp;vendemio</span> 
     </span>
     <span class='ocr_line' id='line_1_46' title="bbox 77 2508 1590 2566; baseline 0.003 -18"><span class='ocrx_word' id='word_1_567' title='bbox 77 2513 215 2556; x_wconf 62' lang='grc' dir='ltr'>Περσῶν</span> <span class='ocrx_word' id='word_1_568' title='bbox 245 2508 362 2549; x_wconf 60' lang='grc' dir='ltr'><strong><em>κῦκὶου</em></strong></span> <span class='ocrx_word' id='word_1_569' title='bbox 389 2520 520 2557; x_wconf 66' lang='grc' dir='ltr'><em>μέγαν,</em></span> <span class='ocrx_word' id='word_1_570' title='bbox 558 2514 626 2548; x_wconf 88' lang='lat' dir='ltr'>Th.</span> <span class='ocrx_word' id='word_1_571' title='bbox 653 2514 698 2547; x_wconf 92' lang='lat' dir='ltr'>V.</span> <span class='ocrx_word' id='word_1_572' title='bbox 732 2527 761 2549; x_wconf 91' lang='lat' dir='ltr'>r.</span> <span class='ocrx_word' id='word_1_573' title='bbox 798 2526 833 2560; x_wconf 89' lang='lat' dir='ltr'>p.</span> <span class='ocrx_word' id='word_1_574' title='bbox 851 2527 935 2558; x_wconf 66' lang='lat'>444.</span> <span class='ocrx_word' id='word_1_575' title='bbox 988 2514 1103 2560; x_wconf 81' lang='lat' dir='ltr'><em>Cyrus</em></span> <span class='ocrx_word' id='word_1_576' title='bbox 1122 2514 1260 2561; x_wconf 71' lang='lat' dir='ltr'>igitur,</span> <span class='ocrx_word' id='word_1_577' title='bbox 1296 2515 1433 2554; x_wconf 76' lang='lat' dir='ltr'>Periis.</span> <span class='ocrx_word' id='word_1_578' title='bbox 1470 2518 1590 2566; x_wconf 75' lang='lat' dir='ltr'><em>hastas</em></span> 
     </span>
     <span class='ocr_line' id='line_1_47' title="bbox 77 2560 1590 2614; baseline 0.005 -19"><span class='ocrx_word' id='word_1_579' title='bbox 77 2560 320 2609; x_wconf 75' lang='lat' dir='ltr'>gestantibus,</span> <span class='ocrx_word' id='word_1_580' title='bbox 347 2565 481 2597; x_wconf 70' lang='lat' dir='ltr'>ambitu</span> <span class='ocrx_word' id='word_1_581' title='bbox 502 2574 636 2611; x_wconf 82' lang='lat' dir='ltr'>magno</span> <span class='ocrx_word' id='word_1_582' title='bbox 656 2564 788 2599; x_wconf 84' lang='lat' dir='ltr'>circum</span> <span class='ocrx_word' id='word_1_583' title='bbox 807 2564 843 2599; x_wconf 71' lang='lat' dir='ltr'>ie</span> <span class='ocrx_word' id='word_1_584' title='bbox 862 2564 1063 2604; x_wconf 69' lang='lat' dir='ltr'>collocatis,</span> <span class='ocrx_word' id='word_1_585' title='bbox 1100 2575 1164 2609; x_wconf 85' lang='lat' dir='ltr'>pro</span> <span class='ocrx_word' id='word_1_586' title='bbox 1191 2575 1267 2612; x_wconf 89' lang='lat' dir='ltr'>quo</span> <span class='ocrx_word' id='word_1_587' title='bbox 1288 2566 1431 2605; x_wconf 82' lang='lat' dir='ltr'>malim,</span> <span class='ocrx_word' id='word_1_588' title='bbox 1469 2567 1590 2614; x_wconf 57' lang='lat' dir='ltr'>{gitur</span> 
     </span>
     <span class='ocr_line' id='line_1_48' title="bbox 77 2610 1589 2663; baseline 0.003 -18"><span class='ocrx_word' id='word_1_589' title='bbox 77 2610 197 2658; x_wconf 88' lang='lat' dir='ltr'>Cyrus</span> <span class='ocrx_word' id='word_1_590' title='bbox 210 2635 220 2652; x_wconf 87' lang='lat'>‚</span> <span class='ocrx_word' id='word_1_591' title='bbox 247 2624 321 2646; x_wconf 84' lang='lat' dir='ltr'>cum</span> <span class='ocrx_word' id='word_1_592' title='bbox 345 2610 487 2647; x_wconf 79' lang='lat' dir='ltr'>iuffiss&#39;et</span> <span class='ocrx_word' id='word_1_593' title='bbox 501 2613 599 2647; x_wconf 73' lang='lat' dir='ltr'>circa</span> <span class='ocrx_word' id='word_1_594' title='bbox 616 2615 650 2648; x_wconf 71' lang='lat' dir='ltr'>ie</span> <span class='ocrx_word' id='word_1_595' title='bbox 658 2612 761 2662; x_wconf 78' lang='lat' dir='ltr'>flare</span> <span class='ocrx_word' id='word_1_596' title='bbox 772 2613 993 2648; x_wconf 75' lang='lat' dir='ltr'>hastatorum</span> <span class='ocrx_word' id='word_1_597' title='bbox 1007 2611 1196 2661; x_wconf 82' lang='lat' dir='ltr'>Persarum</span> <span class='ocrx_word' id='word_1_598' title='bbox 1216 2625 1394 2650; x_wconf 82' lang='lat' dir='ltr'>coronam</span> <span class='ocrx_word' id='word_1_599' title='bbox 1409 2628 1589 2663; x_wconf 64' lang='lat' dir='ltr'>magnam,</span> 
     </span>
     <span class='ocr_line' id='line_1_49' title="bbox 74 2658 1587 2708; baseline 0.005 -14"><span class='ocrx_word' id='word_1_600' title='bbox 74 2658 236 2695; x_wconf 79' lang='lat' dir='ltr'>notabili</span> <span class='ocrx_word' id='word_1_601' title='bbox 257 2661 364 2703; x_wconf 76' lang='lat' dir='ltr'>loco,</span> <span class='ocrx_word' id='word_1_602' title='bbox 400 2661 449 2696; x_wconf 89' lang='lat' dir='ltr'>ob</span> <span class='ocrx_word' id='word_1_603' title='bbox 468 2673 541 2696; x_wconf 83' lang='lat' dir='ltr'>acc.</span> <span class='ocrx_word' id='word_1_604' title='bbox 563 2661 777 2698; x_wconf 66' lang='lat' dir='ltr'>adiunfkum</span> <span class='ocrx_word' id='word_1_605' title='bbox 796 2661 847 2697; x_wconf 90' lang='lat' dir='ltr'>rei</span> <span class='ocrx_word' id='word_1_606' title='bbox 868 2661 891 2697; x_wconf 91' lang='lat' dir='ltr'>s.</span> <span class='ocrx_word' id='word_1_607' title='bbox 915 2661 1016 2697; x_wconf 82' lang='lat' dir='ltr'>modi</span> <span class='ocrx_word' id='word_1_608' title='bbox 1037 2673 1078 2696; x_wconf 84' lang='lat' dir='ltr'>ac</span> <span class='ocrx_word' id='word_1_609' title='bbox 1096 2661 1262 2703; x_wconf 72' lang='lat' dir='ltr'>formae,</span> <span class='ocrx_word' id='word_1_610' title='bbox 1299 2663 1348 2698; x_wconf 83' lang='lat' dir='ltr'>cf.</span> <span class='ocrx_word' id='word_1_611' title='bbox 1370 2663 1450 2700; x_wconf 71' lang='lat' dir='ltr'>ind.</span> <span class='ocrx_word' id='word_1_612' title='bbox 1472 2667 1587 2708; x_wconf 74' lang='lat' dir='ltr'>Mor..</span> 
     </span>
     <span class='ocr_line' id='line_1_50' title="bbox 68 2706 1587 2797; baseline 0.007 -53"><span class='ocrx_word' id='word_1_613' title='bbox 68 2706 360 2797; x_wconf 45' lang='lat' dir='ltr'>ssd&#39;ss&#39;sd‘iiano</span> <span class='ocrx_word' id='word_1_614' title='bbox 379 2710 471 2751; x_wconf 79' lang='lat' dir='ltr'>auus</span> <span class='ocrx_word' id='word_1_615' title='bbox 490 2709 684 2756; x_wconf 72' lang='lat' dir='ltr'>notionis,</span> <span class='ocrx_word' id='word_1_616' title='bbox 721 2723 797 2762; x_wconf 79' lang='lat' dir='ltr'>quo</span> <span class='ocrx_word' id='word_1_617' title='bbox 817 2709 920 2751; x_wconf 82' lang='lat' dir='ltr'>forte</span> <span class='ocrx_word' id='word_1_618' title='bbox 943 2709 1095 2762; x_wconf 79' lang='lat' dir='ltr'>respicit</span> <span class='ocrx_word' id='word_1_619' title='bbox 1117 2710 1206 2753; x_wconf 81' lang='lat' dir='ltr'>Hes.</span> <span class='ocrx_word' id='word_1_620' title='bbox 1227 2725 1263 2757; x_wconf 81' lang='lat'>2,</span> <span class='ocrx_word' id='word_1_621' title='bbox 1285 2716 1368 2761; x_wconf 75' lang='lat'><strong>92⁶·</strong></span> <span class='ocrx_word' id='word_1_622' title='bbox 1390 2713 1439 2757; x_wconf 79' lang='lat' dir='ltr'>i..</span> <span class='ocrx_word' id='word_1_623' title='bbox 1473 2714 1520 2753; x_wconf 83' lang='lat' dir='ltr'>cf.</span> <span class='ocrx_word' id='word_1_624' title='bbox 1542 2714 1587 2754; x_wconf 88' lang='lat' dir='ltr'>L.</span> 
     </span>
    </p>

    <p class='ocr_par' dir='ltr' id='par_1_7' title="bbox 112 2770 327 2796">
     <span class='ocr_line' id='line_1_51' title="bbox 112 2770 327 2796; baseline 0.009 -2"><span class='ocrx_word' id='word_1_625' title='bbox 112 2785 121 2794; x_wconf 92' lang='lat'>.</span> <span class='ocrx_word' id='word_1_626' title='bbox 177 2784 187 2795; x_wconf 91' lang='lat'>.</span> <span class='ocrx_word' id='word_1_627' title='bbox 233 2770 251 2795; x_wconf 89' lang='lat' dir='ltr'>c</span> <span class='ocrx_word' id='word_1_628' title='bbox 281 2771 327 2796; x_wconf 81' lang='lat' dir='ltr'>w.</span> 
     </span>
    </p>
   </div>
  </div>
 </body>
</html>
