1772 3158
217 146 393 233 LIBER
413 157 445 206 1.
475 154 599 206 CAP.
620 153 734 204 xlv.
761 153 812 203 A.
834 152 888 200 V.
910 152 955 200 C·
974 163 1086 215 944.
1119 151 1258 198 CHR.
1280 152 1344 198 N.
1371 165 1476 214 191.
1547 166 1643 216 597

912 289 935 336 5
945 312 956 326 .
972 279 1111 324 aureis
1124 287 1168 325 et
1181 279 1411 339 argenteis.
1439 281 1644 342 Quisque

133 315 295 369 ἔκαε-ος
334 308 410 374 δὲ,
465 306 502 362 ὁὶ
538 311 673 373 εἶχεν,
729 309 870 358 ἐκεῖσε
967 355 975 364 ,
1059 355 1067 363 ,
1106 356 1114 364 ,

491 372 494 377 ·
907 370 1025 402 emm
1055 353 1143 401 1lhc
1187 355 1437 402 thesaurum
1473 356 1643 402 conde-

131 479 245 522 hsta,
278 476 439 514 debeant
463 488 510 513 eo
535 476 694 516 ducere,
729 485 774 513 ut
792 473 878 513 talia
897 487 977 513 non
994 485 1140 513 tantum
1157 472 1196 510 in
1219 473 1370 521 templis
1388 470 1544 519 repofita
1568 470 1644 508 lint

130 528 336 566 securitatis
356 538 444 575 ergo
459 553 469 567 ,
496 525 557 561 sed
574 525 687 562 etiam
705 525 750 561 ad
769 527 972 567 utendum,
1005 536 1049 561 ut
1066 523 1286 574 quibusdam
1302 522 1535 570 temporibus
1558 534 1646 568 pro·
1682 521 1693 526 ‘

125 578 360 614 ducerentur
380 589 422 610 ac
444 585 747 622 proponerentur
767 575 812 612 ad
828 574 1087 622 speetandum,
1113 573 1138 610 s.
1157 573 1316 610 omnino
1334 584 1413 608 non
1435 571 1572 606 inclusa
1598 569 1643 608 in

122 625 285 673 templis
314 624 530 672 sacellisque
554 624 808 665 servarentur,
845 623 968 661 sedin
985 622 1137 664 menfis,
1170 623 1262 665 aris,
1298 621 1500 668 parietibus
1521 620 1641 667 polita

129 685 246 723 atque
267 673 453 721 suspensa;
488 673 527 709 in
551 686 659 722 quam
678 685 757 709 rem
776 673 871 710 nihil
892 674 1036 715 habeo,
1062 671 1130 710 nili
1148 672 1273 708 iocum
1293 670 1415 708 Nostri
1446 682 1474 711 r,
1491 682 1548 710 ro,
1569 682 1642 710 ir..

126 724 193 762 ubi
213 722 253 760 in
275 735 411 770 pompa
429 723 559 759 Matris
577 724 689 759 deum
709 722 916 770 sequuntur
933 723 1040 765 talia;
1071 733 1114 759 ut
1133 733 1259 758 tamen
1277 719 1463 757 incertum
1486 718 1542 759 fit.
1569 729 1641 754 un-

126 775 179 810 de
198 772 376 820 producta
390 796 401 813 ,
426 784 550 808 utrum
574 786 595 809 e
615 772 782 820 templo,
818 785 864 808 an
880 785 901 808 e
918 772 1092 810 domibus
1113 782 1196 806 cum
1215 769 1376 811 civium,
1411 770 1640 814 tum'i'mpe-

123 821 287 861 ‘tatoris;
317 833 392 869 quo
414 821 514 858 sensu
536 823 648 860 etiam
669 832 799 868 aptum
819 821 862 859 fit
883 834 918 858 v.
937 837 1097 864 κεκοσμ.,
1136 819 1284 868 proprie
1304 828 1510 865 acceptum.
1562 817 1639 854 Sed

127 871 283 909 donaria
303 870 365 906 illa
387 870 480 907 sacra
505 872 617 908 etiam
637 871 801 908 admittit
819 870 870 919 sq.
894 873 928 910 δὲ
946 872 1024 919 post
1043 868 1161 911 ἔκαε-ος
1174 893 1185 910 ²
1209 882 1275 916 ΡΓΟ
1293 875 1333 906 τέ
1354 867 1512 905 sumtum
1525 892 1535 906 ι
1561 868 1640 906 ¹³0ss

124 920 252 962 sensu,
279 916 478 965 ditiffimum
497 931 576 957 erat
594 921 743 956 omnium
763 921 989 968 templorum
1004 945 1016 962 ,
1051 921 1177 969 quippe
1199 929 1372 955 ornatum
1389 917 1552 952 donariis
1573 927 1640 969 au:

126 971 201 1007 reis
220 979 257 1004 et
274 969 477 1016 argenteis3
504 980 540 1006 et
558 980 743 1017 praeterea
761 971 926 1019 quisque,
955 982 1051 1019 quae
1073 969 1229 1007 haberet,
1257 966 1306 1004 ibi
1327 967 1535 1014 reponebam
1568 965 1639 1001 ubl

127 1018 416 1056 enunciationes
437 1017 508 1055 fint
527 1032 592 1065 per
610 1019 779 1067 copulam
799 1019 964 1059 iunctae..
990 1018 1134 1055 vetusto
1155 1030 1278 1057 more,
1305 1027 1394 1065 quas
1415 1014 1546 1062 aliquis
1568 1014 1639 1050 ho.

127 1069 191 1106 die
210 1067 257 1103 sic
273 1067 442 1108 dederit,
472 1067 687 1104 ditiffimum
700 1080 778 1104 erat
796 1081 875 1104 non
893 1069 1006 1105 modo
1017 1065 1197 1107 donariis,
1223 1066 1283 1102 sed
1299 1063 1408 1100 eriam
1424 1075 1637 1111 propterea.

126 1117 215 1165 quia
234 1117 393 1165 quisque
413 1117 490 1153 suas
509 1130 563 1153 res
585 1130 626 1152 ac
644 1117 839 1154 facultates
860 1116 911 1154 ibi
929 1116 1154 1163 repo11ebat3
1179 1115 1218 1150 in
1239 1126 1316 1162 quo
1337 1113 1418 1148 sane
1439 1113 1567 1149 melius
1585 1111 1637 1148 est

119 1167 189 1203 Sb.
209 1176 386 1203 neutrum
410 1173 651 1209 κεκοσμημένον
676 1165 784 1214 sing„
816 1165 1021 1212 expressum
1051 1163 1144 1202 adeo
1173 1162 1213 1199 in
1235 1165 1298 1199 Vs.
1319 1175 1338 1198 a
1359 1163 1436 1208 δερ.
1462 1162 1501 1197 in
1525 1174 1572 1197 m.
1596 1163 1637 1197 P.

126 1228 213 1251 cum
234 1217 297 1260 Bg.
321 1228 344 1250 e
364 1215 403 1250 Ρ.
418 1238 429 1255 ,
456 1214 559 1261 quod
580 1214 751 1262 particip.
772 1227 898 1252 teneat
918 1214 1117 1255 notionem
1141 1213 1285 1253 causae,
1313 1223 1353 1247 ac
1374 1224 1438 1258 per
1454 1209 1516 1248 ἅτε
1536 1212 1558 1246 s.
1579 1214 1637 1253 ὡς,

75 1301 78 1304 ,
122 1267 203 1303 Lat.
222 1273 342 1311 utpote
358 1263 383 1299 s.
402 1264 549 1313 quippe,
573 1262 790 1305 adiuvetur,
814 1274 860 1299 ut
880 1262 1051 1299 dedimus
1067 1274 1175 1304 ante,
1199 1261 1382 1298 tendente
1401 1261 1532 1296 eodem
1554 1261 1640 1307 Stp.

125 1314 165 1350 in
187 1326 238 1350 m.
258 1314 296 1348 P.
344 1314 442 1348 Tum
464 1313 505 1349 δι’
520 1313 606 1359 εἷο-φ,
620 1338 630 1354 ,
665 1312 766 1349 reete
784 1326 803 1348 a
823 1312 975 1350 Strotho
997 1312 1225 1349 inrellcstum
1242 1337 1253 1352 ,
1290 1309 1450 1346 severius
1471 1321 1594 1345 autem
1615 1321 1638 1344 a

122 1366 186 1411 Bg.
205 1360 407 1403 redditum,
433 1363 558 1410 quoad
572 1375 719 1409 praep„
743 1374 825 1398 non
842 1373 1040 1411 repugnat,
1066 1363 1111 1398 ad
1130 1361 1255 1409 priora
1267 1359 1435 1401 tractum,
1462 1358 1638 1402 maxime,

122 1412 147 1449 fi
168 1422 418 1460 praeponatur
438 1411 611 1449 omnibus
624 1435 635 1451 .
669 1421 819 1461 propter
839 1412 1075 1449 securitatem
1103 1423 1190 1447 vero
1216 1409 1428 1446 ditiffimum
1451 1418 1533 1444 erat
1550 1407 1638 1449 rel.;

121 1473 168 1498 ut
186 1461 342 1497 Romani
365 1458 518 1496 donaria
536 1461 575 1496 in
591 1459 629 1496 id
647 1461 830 1508 templum
849 1460 1029 1498 libentius
1050 1459 1230 1503 miserint,
1257 1471 1366 1507 quam
1386 1459 1425 1493 in
1438 1458 1518 1499 alia,
1546 1457 1635 1505 quia

120 1510 361 1547 firmissimum
381 1521 479 1550 erat,
512 1509 552 1546 in
571 1510 776 1559 primisque
795 1511 982 1550 securum,
1017 1521 1061 1547 ut
1085 1510 1185 1546 dona
1212 1521 1292 1545 non
1313 1506 1428 1544 effent
1447 1506 1498 1544 ita
1524 1505 1636 1542 facile

121 1557 287 1606 expolita
305 1557 409 1595 furto
430 1571 470 1594 ac
491 1559 640 1606 rapinis.
702 1558 780 1606 Qi
805 1570 931 1596 autem
958 1559 1055 1596 tueri
1077 1559 1160 1595 vult
1179 1558 1279 1607 vulg.
1301 1569 1386 1606 gen.
1406 1570 1540 1600 κεκοσμ-
1556 1579 1568 1597 ,
1603 1555 1636 1591 is

121 1611 234 1648 deber·
259 1607 308 1643 fic
326 1620 473 1657 regere,
510 1609 661 1645 onmium
682 1619 771 1645 vero
793 1611 1022 1658 templorum,
1056 1620 1150 1656 quae
1176 1617 1310 1644 ornata
1339 1603 1444 1654 effe'ne
1471 1603 1638 1641 donariis

121 1658 245 1695 aureis
263 1668 302 1693 et
321 1656 515 1705 argenteis,
542 1657 615 1692 hoc
632 1669 714 1694 erat
725 1657 938 1694 ditiffimum
952 1666 1102 1708 propter
1119 1654 1372 1696 securitatem3
1398 1664 1434 1690 et
1446 1665 1638 1703 praeterea

122 1705 236 1743 ctiam
255 1706 399 1753 quisque
410 1731 422 1748 ,
447 1717 543 1754 quae
562 1707 728 1746 haberet,
751 1720 798 1741 eo
817 1708 1006 1748 condebat,
1027 1717 1091 1744 aut
1107 1704 1178 1748 fic.
1199 1707 1350 1741 omnium
1368 1716 1455 1740 vero
1475 1703 1638 1750 templo-

120 1768 228 1794 rum,
267 1766 475 1791 ornatorum
500 1754 833 1803 instrussorumque
858 1754 1077 1793 utensilibus
1097 1754 1350 1802 privatorum,
1383 1753 1454 1789 hoc
1479 1761 1563 1788 erat
1581 1751 1638 1788 di-

121 1805 318 1844 tiflimum,
342 1813 487 1852 propter
507 1803 752 1840 securitatem.
805 1806 962 1853 ,Quisque
976 1803 1077 1841 enim
1091 1828 1102 1845 ‚
1137 1817 1225 1852 quae
1242 1803 1410 1845 haberet,
1448 1814 1494 1838 eo
1515 1814 1637 1844 recen-

121 1856 239 1890 debat.
284 1855 325 1889 ln
351 1865 424 1900 quo
447 1863 612 1889 extremo
635 1852 726 1889 sumi
749 1854 945 1900 explicatio
964 1853 1099 1894 debet,
1131 1863 1176 1890 ut
1197 1865 1247 1888 ne
1277 1849 1481 1900 tautologia
1508 1850 1638 1887 existat

121 1903 268 1943 inanis,
294 1900 317 1937 si
337 1901 438 1939 dms.
458 1900 505 1937 fic
523 1903 751 1950 accipiantur
769 1905 815 1939 de
833 1915 912 1938 non
931 1902 1039 1939 sacris
1058 1902 1189 1944 rebus,
1215 1902 1298 1939 εέΈέ
1310 1900 1391 1937 sane
1410 1898 1637 1946 capiendum

121 1965 210 1989 cum
235 1951 293 1988 Rs.
312 1963 352 1986 ac
377 1954 461 1992 ΒΨ,
485 1964 506 1986 e
524 1950 604 1999 syn.
628 1952 827 2001 quippeP.,
854 1951 919 2000 qui
939 1964 959 1988 a
980 1950 1141 1988 lectione
1154 1952 1255 1997 vulg.
1275 1947 1505 1990 disceditita.
1529 1948 1636 1996 quod

121 2000 203 2051 post
221 2001 320 2038 οἰηθ-
343 1999 503 2036 ostendit
519 2001 693 2048 copulam
709 2006 771 2043 τὲ,
796 2014 912 2049 quae,
935 2010 990 2037 ·ut
1018 1999 1126 2037 facile
1154 1997 1334 2037 exciderit
1359 2000 1455 2035 intra
1483 1997 1635 2048 syllabas

122 2065 158 2089 σι
181 2061 219 2086 ct
236 2065 272 2087 κε
293 2048 444 2089 similes,
472 2047 518 2084 sic
538 2060 714 2086 neutrum
737 2051 796 2088 Sb.
817 2064 952 2093 κεκοσμ.
974 2049 1214 2087 necessarium
1234 2048 1367 2089 faciam
1392 2058 1436 2084 ut
1456 2059 1579 2084 tamen
1593 2048 1634 2084 P.

119 2099 276 2137 liberior
294 2111 332 2136 et
352 2099 414 2134 hic
429 2097 498 2134 effe
517 2100 708 2145 potuerit,
735 2101 784 2138 ob
809 2100 847 2137 δι’
866 2099 951 2145 niem.
973 2099 1008 2135 in
1025 2098 1208 2146 peculiare
1221 2098 1429 2134 membrum
1449 2107 1637 2134 mutatum

121 2161 189 2198 per
212 2146 400 2195 parricip.,
432 2146 524 2184 ficut
550 2146 760 2185 adiunflum
787 2150 869 2186 adv.
891 2149 1053 2196 egregie,
1093 2147 1133 2185 ir.
1156 2146 1227 2183 adi.
1249 2146 1401 2187 „multo
1421 2165 1458 2172 —
1484 2158 1574 2183 auro
1595 2156 1636 2183 et

121 2203 305 2246 argentv“
332 2196 540 2233 libertatem
561 2195 640 2232 eius
660 2197 840 2245 reliquam
862 2197 945 2234 satis
967 2197 1168 2235 declarant.
1229 2197 1346 2232 Porro
1368 2194 1482 2237 etiam
1501 2196 1539 2232 in
1561 2196 1635 2232 Ms.

120 2248 174 2295 Bg
211 2245 289 2293 post
310 2247 513 2294 templorum
531 2245 602 2281 iam
621 2245 696 2282 fuit
714 2247 850 2284 diserte
874 2246 1081 2289 distinctio,
1117 2257 1187 2294 qua
1202 2245 1242 2282 δι’
1262 2245 1348 2289 oio-Q.
1368 2243 1570 2282 referretur
1588 2243 1635 2281 ad

121 2295 204 2344 sqq.
218 2320 230 2337 ,
271 2293 362 2330 licut
383 2297 472 2330 haec
487 2307 546 2343 ap.
567 2293 663 2342 Lips.
689 2296 734 2339 ad
747 2294 845 2333 Tac.
864 2300 961 2332 Ann.
989 2309 1019 2336 ι.
1045 2305 1076 2336 3.
1096 2295 1119 2331 i.
1148 2307 1282 2335 „more
1300 2314 1339 2321 —
1366 2293 1634 2337 Romanorum,

122 2345 190 2394 qui
215 2343 420 2390 pastiones.
455 2342 629 2384 foedera,
656 2345 885 2387 testamenta,
912 2343 1088 2393 pecunias
1100 2345 1212 2381 etiam
1231 2342 1519 2391 deponebantin
1539 2353 1636 2380 tem-

122 2394 217 2444 plis,
240 2405 279 2429 et
300 2392 498 2439 saepiffime
515 2391 553 2430 in
572 2392 637 2429 isto
657 2394 804 2436 Vestae.
828 2394 931 2440 quod
959 2393 1139 2442 religione
1161 2394 1334 2441 primum.
1353 2413 1392 2422 -—
1419 2393 1558 2430 Dixiet
1571 2405 1635 2441 pe·

123 2442 250 2480 eunias
271 2443 309 2478 in
331 2441 480 2489 templis
501 2442 638 2489 deponi
661 2445 798 2487 {olere5
833 2445 935 2492 quod
952 2456 1081 2480 verum
1102 2444 1220 2483 adeo.
1254 2452 1298 2477 ut
1321 2440 1475 2490 quidam
1499 2454 1633 2479 omncs

121 2492 295 2529 satanas
318 2491 355 2527 in
379 2491 424 2527 iis
446 2492 645 2534 haberent.
670 2492 767 2539 quati
789 2494 951 2530 custodia
972 2504 1081 2530 certa.
1148 2491 1303 2528 Herodi.
1321 2492 1347 2526 1.
1374 2503 1403 2526 1.
1421 2490 1469 2526 de
1489 2493 1632 2541 templo

120 2541 250 2580 Pacis.
277 2541 379 2587 quod
396 2541 560 2577 exustum
582 2543 645 2578 sub
664 2544 898 2586 Commodo,
930 2555 1052 2580 πλουσ.
1065 2545 1101 2579 δὲ
1120 2535 1156 2583 ἦν
1176 2556 1212 2577 π.
1231 2547 1338 2587 ἱερῶν.
1367 2543 1405 2579 δι’
1423 2539 1629 2586 ἀσφάλειαν·

123 2588 244 2633 {nasac
262 2595 297 2628 δὲ
318 2609 351 2617 -
369 2594 529 2633 ἐποίησεν.
583 2591 665 2628 Nec
684 2592 841 2634 mirum,
875 2591 962 2640 quia
975 2590 1097 2627 milite
1118 2590 1208 2626 haec
1229 2589 1365 2636 templa
1379 2588 1634 2627 custodieban-

124 2647 214 2677 mrt‘
244 2640 306 2684 qui
331 2639 426 2685 Lips.
444 2640 538 2676 adeo
562 2650 602 2676 et
622 2641 696 2688 ipse
716 2643 755 2678 δι’
770 2643 857 2687 ἀσφ.
877 2655 896 2677 a
917 2653 971 2688 pr.
995 2638 1180 2688 seiungit,
1215 2649 1258 2676 ut
1277 2649 1405 2676 tamen
1422 2638 1559 2676 eodem
1578 2652 1634 2675 re·

122 2688 215 2727 ferri
242 2700 382 2736 queat,
420 2690 465 2725 de
491 2701 594 2724 more
612 2703 764 2731 corum,
805 2690 868 2739 qui
891 2690 974 2727 talia
995 2691 1177 2731 membra,
1217 2699 1282 2736 per
1309 2700 1434 2736 praep.
1459 2698 1498 2724 et
1526 2688 1630 2726 subi.

123 2739 356 2774 conformata
369 2761 381 2779 ,
418 2750 602 2775 commate
621 2741 788 2786 leparant
802 2767 813 2781 ,
849 2751 1064 2788 quanquam
1083 2737 1128 2774 ad
1147 2750 1201 2786 pr.
1217 2735 1442 2778 referentes.
1468 2748 1511 2773 ut
1528 2737 1632 2784 supra

125 2787 286 2824 vidimus
296 2785 492 2836 aliquoties
504 2789 616 2824 etiam
636 2788 676 2826 in
694 2789 903 2833 affundat..
925 2801 957 2826 v.
973 2800 1004 2824 c.
1029 2792 1093 2826 δέει
1106 2798 1138 2829 1.
1151 2796 1207 2834 ις.
1218 2797 1275 2824 10.
1286 2798 1336 2824 m.
1353 2785 1458 2834 ἐπητῇ
1478 2791 1633 2832 buxeum·
