1772 3158
159 152 262 204 928
320 175 325 187 ι
573 150 872 195 EXCVRSVS
903 152 986 195 AD
1026 152 1170 198 ΗΒΚ.
1209 155 1244 197 I.

157 256 253 301 Cic.)
273 276 309 285 -
330 257 454 312 Valet.
477 268 517 295 et
533 258 633 294 labor
656 270 695 295 et
712 261 826 295 dulces
845 259 986 297 cedunt
1005 273 1022 295 e
1042 261 1190 308 peftore
1211 264 1309 304 nati,
1342 261 1659 303 i.oblivioni-dan-

158 314 247 342 ωτι(
277 319 426 354 proprie
446 320 467 344 e
485 309 661 344 memoria
680 319 720 343 ct
737 309 862 344 animo
883 311 1045 350 abeunt,
1080 312 1314 347 evanescunt.

257 374 294 416 8)
323 369 480 419 abscedo,
507 390 543 398 -
569 371 727 409 absceffit
752 386 772 409 e
792 373 990 420 conspeelu
1010 387 1101 418 meo,
1117 396 1155 403 —
1182 377 1334 412 Pallada
1353 388 1485 413 nonne
1504 377 1603 412 vides
1621 394 1660 404 ·—

157 420 346 458 absceffiss'e
373 421 478 462 mihi,
497 442 536 448 -
563 421 610 456 de
636 423 791 469 pecunia
815 423 929 458 Plaut.
954 423 1051 460 Pers.
1074 438 1111 471 4,
1129 438 1164 470 4,
1185 436 1264 460 120.
1291 427 1403 462 decem
1423 445 1462 452 —
1481 426 1602 462 minae
1620 447 1660 454 --

156 469 352 518 abscedent,
379 468 469 513 (sine
492 468 624 517 explic.
638 496 650 513 ‚
675 470 787 507 etiam
804 471 842 506 in
863 472 909 507 N.
923 496 933 512 ,
961 485 1028 518 pro
1049 474 1173 509 nostro
1192 474 1356 521 abgehen,
1386 475 1411 510 i.
1427 486 1503 509 non
1523 474 1661 511 dabun-

155 529 231 561 tur,
259 531 337 554 non
358 518 562 560 addentur-r
581 531 625 554 ex
646 532 733 566 opp.
754 522 916 556 accedent
938 532 977 558 et
997 533 1065 558 non
1083 525 1278 569 acl-eden&
1299 521 1490 572 aegritudo
1507 523 1661 571 absceffe·

155 568 225 610 rit,
243 586 282 594 —
301 568 378 603 cito
396 569 442 602 ab
465 580 512 604 eo
528 568 612 604 haec
630 568 681 603 ira
699 568 888 617 abscedat«

252 635 290 675 9)
316 630 460 680 descedo,
476 652 512 660 -
532 632 643 672 abire,
658 651 691 659 —
715 633 887 681 discedere
905 633 982 675 dr..
1009 634 1071 683 qui
1092 633 1202 670 facile
1224 635 1300 672 abit
1321 649 1342 671 e
1362 635 1501 677 medio,
1528 636 1661 680 (immo

157 691 199 718 et
219 679 461 728 fimpliciter,)
490 680 634 717 animus
655 682 801 730 difiedit
822 683 900 719 Cic.
921 682 1030 719 Tusc.
1051 703 1088 711 ·-
1108 683 1294 720 discessum
1322 685 1435 721 animi
1465 698 1484 720 a
1504 698 1662 732 corpote

155 730 360 778 intelligit.
405 731 516 774 (bene
538 741 577 766 et
602 734 715 766 modo
736 730 1028 780 subintelligitur
1057 731 1149 768 illud
1171 746 1194 767 a
1218 742 1385 780 corpore,
1420 735 1479 771 vel
1506 748 1524 770 e
1542 745 1664 783 corpo·

156 782 230 825 re,)
248 798 285 806 -
302 777 446 828 alifi-edit
466 780 504 816 in
524 793 635 815 auras
661 782 712 822 (et
724 780 861 827 gelidos
880 793 984 816 artus
1008 782 1047 816 in
1075 781 1138 817 leti
1152 781 1306 829 frigore
1322 783 1469 832 linquit)
1496 785 1605 820 Lucr.
1628 792 1662 829 3,

156 840 244 873 401.
277 828 323 864 de
349 827 385 863 vi
415 827 557 864 animae
582 828 768 876 loquitur,
800 829 931 874 (immo
953 832 999 867 de
1017 829 1091 878 ipsa
1116 831 1259 872 anima,
1296 843 1380 866 cum
1399 831 1451 868 ibi
1471 844 1505 870 v.
1527 843 1578 879 pr.
1605 833 1665 868 vis

156 878 294 914 animai
315 888 474 924 ponatur
497 890 516 913 e
532 879 596 918 Gr,
617 890 685 925 pro
706 879 823 914 anima
844 891 962 919 mera,
999 889 1043 915 ut
1061 892 1093 915 v.
1112 890 1196 925 400.
1217 879 1404 926 sequitur,
1437 880 1483 916 it.
1501 893 1536 916 v.
1561 884 1666 927 405.)

155 940 182 964 a
204 927 279 963 vita
296 925 492 975 discedere,
509 947 547 955 -
574 939 616 962 ex
639 926 713 962 vita
733 927 888 975 dffced0,
915 939 1091 976 tanquam
1118 942 1162 964 ex
1181 929 1346 976 hospitio,
1382 940 1461 965 non
1486 940 1664 977 tanquam

153 989 176 1013 e
195 978 312 1016 domo,
347 975 450 1021 (hinc
468 987 579 1022 tropo
599 975 741 1019 duam)
762 975 810 1011 cf.
831 977 974 1013 Manat.
995 977 1039 1012 ad
1054 977 1130 1013 Cic.
1149 976 1237 1013 fam.
1252 991 1286 1019 2,
1299 991 1335 1018 2,
1353 985 1412 1014 1.“
1437 978 1515 1019 ubi,
1538 988 1666 1014 tacen-

156 1034 197 1061 te
216 1029 316 1061 Cort.
331 1048 342 1066 ‚
377 1024 615 1070 proferuntur
637 1035 676 1061 et
694 1026 734 1060 de
753 1024 827 1062 vita
851 1027 1034 1067 decedere,
1066 1026 1107 1064 it.
1132 1026 1214 1062 vita
1236 1028 1423 1070 excedere,
1457 1026 1504 1062 de
1531 1025 1666 1074 quibus

155 1085 199 1110 et
220 1087 275 1122 ap.
296 1074 436 1111 G.·Th.
455 1075 495 1110 in
516 1086 550 1109 v.

260 1126 322 1168 10)
351 1124 512 1160 decedere
535 1131 592 1165 18,
620 1134 720 1164 102..
744 1122 807 1160 ubi
830 1133 868 1160 et
886 1125 926 1160 de
945 1123 1230 1176 vitaestatione‚
1260 1135 1298 1160 et
1319 1136 1353 1169 p.
1379 1123 1666 1172 sq.‘„decedere‚

157 1170 233 1208 fine
253 1171 509 1219 appositione,
547 1184 614 1220 pro
637 1172 754 1212 mori,
790 1172 887 1221 quali
919 1186 937 1209 a
958 1174 1119 1210 custodia
1146 1185 1185 1210 et
1201 1172 1474 1223 gubernatione
1500 1172 1667 1221 corporis

156 1220 362 1270 proticisci,
397 1222 554 1267 (immo,
582 1232 625 1258 ut
643 1221 746 1268 supra
768 1221 806 1257 in
824 1220 939 1269 simpl.
962 1225 1103 1263 cedere,
1130 1237 1194 1271 per
1222 1221 1366 1268 ellipsin
1395 1222 1549 1258 illorum
1576 1222 1666 1266 abl.)

159 1271 238 1307 cic.
264 1271 307 1308 ad
326 1274 405 1307 Att.
435 1284 465 1312 1,
484 1284 516 1316 4.
539 1271 590 1317 (ι,
608 1275 640 1307 6.
662 1270 726 1306 ubi
747 1271 794 1307 N.
823 1273 977 1316 tacent‚)
998 1281 1105 1319 pater
1134 1272 1244 1308 nobis
1272 1268 1426 1317 deceffim
1461 1277 1565 1315 (cum
1591 1270 1666 1307 dat.

158 1319 272 1368 pers..
306 1319 369 1356 sed
398 1320 579 1365 absolute)
609 1319 658 1355 id.
685 1333 714 1360 1,
741 1332 792 1356 12.
821 1324 878 1365 (e.
903 1319 1093 1357 soiitheus
1120 1320 1339 1369 deccffirat,)
1370 1320 1469 1365 Nep.
1492 1332 1551 1363 20,
1578 1332 1609 1360 ι,
1631 1324 1666 1357 6.

117 1405 122 1413 ‚
158 1370 327 1416 “quibus
348 1370 448 1405 rebus
468 1370 527 1405 ille
537 1371 622 1405 adeo
640 1368 687 1418 ⁶st
704 1380 901 1409 commotus,
930 1380 969 1404 ut
989 1382 1259 1415 nonnunquam
1284 1371 1384 1405 vitae
1402 1367 1512 1404 finem
1531 1370 1667 1415 facere

157 1418 341 1460 voluerit,
378 1428 484 1465 atque
507 1431 550 1455 ex
570 1418 797 1464 ingraturum
817 1417 1012 1454 hominum
1033 1419 1208 1467 conspeelu
1236 1429 1355 1454 morte
1374 1419 1559 1458 decedere,
1598 1416 1665 1453 ubi

159 1467 209 1504 est
229 1479 313 1503 cum
335 1468 499 1527 reffiQe
517 1466 682 1513 duplici,
717 1466 741 1502 i.
759 1480 790 1503 e.
817 1479 884 1514 per
907 1467 973 1503 abl.
1004 1479 1088 1502 curn
1111 1480 1231 1515 praep.
1255 1478 1294 1502 et
1320 1478 1384 1513 per
1413 1466 1482 1501 abl.
1510 1466 1666 1508 nudum,

159 1528 319 1564 quorum
345 1528 526 1553 extremus
544 1514 658 1563 profit
675 1515 783 1551 nobis
804 1516 847 1551 ad
867 1515 1032 1561 superius
1052 1519 1173 1551 cedere
1192 1514 1352 1560 —fatm
1381 1525 1419 1550 et
1440 1514 1485 1549 ad
1496 1515 1562 1550 Gr.
1582 1514 1665 1561 οἴχῃ

158 1564 289 1607 θανὼν,
324 1565 362 1602 iu
388 1565 468 1602 lnd.
495 1566 708 1606 ‚,decedere‚
751 1576 816 1610 pro
839 1564 953 1604 mori,
984 1574 1015 1609 3,
1038 1573 1069 1610 3,
1090 1573 1122 1610 3.
1143 1563 1434 1609 (ubi-absolute,
1459 1563 1509 1598 cf.
1532 1563 1578 1598 N.
1607 1563 1668 1606 it.)

158 1627 221 1655 21,
244 1629 276 1657 2,
298 1625 325 1662 3.
357 1613 494 1652 subint.
515 1613 560 1649 de
578 1613 664 1649 vita.
721 1614 895 1648 Decedere
915 1625 1038 1648 morte
1057 1626 1074 1648 e
1093 1612 1288 1660 conspe&u
1311 1612 1506 1652 bominum.
1533 1610 1668 1660 fignifi-

160 1675 284 1700 canter
308 1663 481 1712 (scilicet)
503 1664 549 1700 de
566 1672 689 1698 morte
707 1661 943 1698 voluntaria«
974 1661 1077 1706 quod
1102 1661 1151 1698 ibi
1181 1661 1306 1709 potius
1339 1661 1526 1708 praeceffit
1546 1662 1586 1697 in
1611 1661 1669 1696 vi·

159 1725 220 1750 tae
241 1715 349 1762 finem
377 1712 499 1750 facere
521 1713 697 1752 voluerit,
739 1709 788 1746 cf.
815 1709 895 1747 lnd.
928 1710 1031 1751 lust..
1068 1713 1186 1747 Amin.
1215 1711 1329 1747 Marc.
1358 1720 1397 1745 et
1420 1711 1523 1746 Suet.
1555 1711 1669 1753 ‚2dec.‚

160 1766 327 1808 mor1“))
357 1764 415 1799 De
437 1763 561 1798 catello
583 1759 706 1808 posuit
719 1761 796 1796 Val.
810 1761 906 1796 Max.
922 1778 956 1786 -—
975 1760 1218 1806 reprehensus
1236 1760 1308 1795 hoc
1325 1758 1480 1795 nomine
1501 1759 1671 1805 aRuper-

159 1823 202 1848 to
230 1825 339 1852 „non
359 1811 479 1854 reste,
505 1823 591 1848 cum
604 1810 650 1846 de
670 1809 821 1845 animali
840 1820 878 1845 et
890 1809 1158 1856 capellaniam
1179 1809 1244 1845 Gr.
1264 1814 1330 1852 οἰχ.
1350 1820 1371 1844 e
1389 1807 1550 1844 Theocr.
1562 1808 1668 1856 supra

159 1861 411 1902 habuerimus,

265 1915 326 1955 ιι)
352 1909 491 1949 excedo,
508 1925 548 1933 -
572 1906 695 1943 locum
723 1907 936 1955 relinquere
956 1925 993 1934 -
1020 1906 1098 1943 Cic.
1121 1906 1226 1943 Catil.
1251 1919 1287 1948 2,
1311 1917 1340 1942 ι.
1361 1905 1477 1946 abiit,
1512 1904 1669 1946 exceffit,

159 1974 239 2004 ev„
267 1973 319 1997 er.
343 1959 432 2005 (line
454 1956 783 1998 animadverfione,
809 1957 857 1993 cf.
876 1957 925 1992 N.
946 1957 1086 1992 Mutet.
1105 1966 1351 2004 argutantem.
1378 1967 1461 1992 curn
1485 1953 1521 1990 in
1543 1953 1669 1991 nostro

159 2013 238 2049 Lat.
263 2009 376 2045 modo
395 2007 437 2043 fit
455 2018 585 2053 tropus
603 2005 720 2052 alius,)
742 2008 784 2040 de
806 2004 930 2042 medio
951 2006 1139 2044 excedere,
1175 2004 1200 2040 i.
1223 2005 1342 2046 mori,
1367 2006 1461 2052 (quo
1485 2003 1592 2050 poffis
1612 2002 1668 2039 uti

157 2060 204 2096 ad
232 2057 396 2106 superius
417 2069 436 2092 e
455 2057 542 2092 Ter.
569 2053 610 2091 in
640 2068 672 2090 ν.
701 2057 802 2091 abire
829 2068 849 2092 e
867 2055 1001 2096 medio,
1037 2064 1079 2089 ut
1100 2055 1147 2090 de
1168 2065 1287 2090 morte
1305 2054 1424 2089 valeat
1449 2063 1574 2088 tamen
1601 2063 1668 2098 per

159 2121 314 2156 tropum
339 2107 468 2149 alium)
497 2118 517 2141 e
543 2114 688 2151 corpore
713 2104 858 2140 animus
880 2105 1017 2139 excedit
1043 2104 1121 2140 Cic.
1143 2103 1252 2140 Tusc.
1272 2123 1308 2132 -
1332 2115 1354 2139 e
1379 2102 1460 2138 vita
1483 2101 1542 2136 vel
1572 2102 1668 2141 vita,

157 2171 227 2208 pro
254 2156 377 2194 morin
410 2166 558 2191 tacente
577 2153 633 2190 Cl.
657 2152 735 2190 Cic.
753 2178 764 2195 ,
796 2165 890 2201 quae
912 2152 936 2188 fi
955 2152 1043 2189 sunt
1062 2153 1190 2189 eadem
1212 2162 1250 2187 ct
1270 2152 1403 2198 proba:
1441 2148 1607 2197 profecto
1629 2160 1670 2186 et

158 2209 222 2245 illa
243 2207 328 2243 sunt
348 2204 533 2252 superiora
555 2204 674 2238 cedere
696 2206 778 2238 vita
799 2216 837 2238 et
853 2215 898 2238 ex
920 2203 1023 2242 vita,
1048 2201 1096 2236 cf.
1116 2202 1196 2238 lnd.
1216 2202 1320 2237 Suet.
1347 2212 1452 2240 „exa
1474 2198 1599 2234 mori“
1628 2197 1670 2234 in

158 2253 438 2295 1”ubieffislocis
464 2252 558 2288 stans
580 2250 766 2292 absolute,
803 2250 1012 2287 tacentibus
1035 2250 1084 2287 N.
1113 2261 1151 2287 et
1179 2249 1294 2285 modo
1325 2248 1369 2284 ad
1398 2247 1529 2285 Claud.
1557 2258 1668 2292 0⁷45.
1720 2246 1726 2249 ’

158 2316 370 2354 comparato
390 2302 454 2339 Gr.
474 2299 688 2347 μετήλλαξε.
723 2302 784 2338 secl
807 2302 885 2337 Ina.
904 2301 995 2335 Tac.
1020 2301 1167 2340 „exced.
1191 2297 1301 2335 obitu
1321 2298 1432 2334 miei«
1461 2296 1487 2334 i.
1508 2307 1543 2345 q.
1562 2296 1671 2344 supra

152 2357 242 2404 fato
265 2367 304 2392 et
321 2362 446 2390 morte.

257 2418 402 2468 Qibus
429 2414 602 2452 omnibus
627 2413 791 2452 firmatur
816 2412 921 2450 fimul
955 2412 1056 2450 verbi
1083 2412 1195 2450 nostri
1217 2413 1282 2450 Gr.
1305 2418 1372 2457 οὶχ.
1393 2410 1504 2449 notio
1523 2410 1586 2448 illa
1605 2421 1669 2457 per

159 2471 365 2520 analogiam
384 2467 486 2508 Lat..
514 2475 554 2503 ut
575 2464 719 2512 postea,
748 2463 871 2506 nulla,
903 2464 1060 2509 opinor,
1089 2461 1321 2510 relinquatur
1341 2459 1544 2501 dubitatio,
1575 2470 1671 2513 quae

157 2519 259 2558 forte
287 2530 355 2555 nee
381 2515 502 2552 fuiffet
518 2525 616 2555 ante,
643 2512 666 2549 fi
686 2511 770 2561 quis
789 2510 999 2552 monuisset,
1025 2523 1102 2547 non
1124 2512 1217 2558 poni
1243 2524 1306 2558 per
1325 2509 1362 2548 se
1383 2523 1452 2558 pro
1474 2508 1584 2550 mori,
1609 2507 1672 2546 scd

159 2582 225 2617 per
245 2565 388 2613 elliplin
408 2565 591 2612 aliquam,
628 2575 740 2610 quam
770 2562 905 2597 variam
933 2560 1283 2602 demonstravimus,
1319 2572 1358 2596 et
1385 2572 1449 2607 per
1471 2568 1621 2612 tropum
1647 2569 1671 2592 e

159 2614 402 2664 consequenti
435 2614 457 2650 s.
487 2611 686 2653 adiuncto,
722 2623 828 2652 cum,
864 2610 928 2657 qui
957 2610 1184 2651 moriuntur,
1220 2609 1244 2644 i.
1265 2621 1296 2645 e.
1319 2608 1425 2645 sensu
1454 2618 1491 2642 et
1525 2605 1671 2643 afflone

160 2667 371 2714 privantur,
408 2675 488 2699 non
510 2661 667 2708 amplius
695 2659 813 2697 adfint
840 2659 939 2695 inter
961 2659 1052 2695 alios
1072 2658 1263 2702 viventes.
1288 2658 1490 2705 locumque
1509 2664 1672 2710 mutent,

159 2727 202 2754 ut
229 2714 324 2754 reae
344 2713 515 2751 dicantur
535 2711 674 2758 αύὶξθὲρ
700 2708 804 2753 ficut,
832 2707 974 2755 tropice
987 2707 1023 2745 id
1037 2705 1122 2750 dici,
1147 2719 1213 2755 per
1234 2707 1273 2746 se
1292 2717 1417 2756 patet.
1438 2704 1508 2744 five
1529 2715 1672 2754 cogites
