1798 3163
198 152 271 181 xx.
474 139 508 185 1.
535 139 625 186 FR.
646 138 915 188 LEISNERI
943 139 1188 189 PROLVS.
1220 144 1434 190 SCHOL.

296 246 366 282 lum
384 248 549 286 viderent
562 248 773 299 superfluum
795 253 955 288 iaculum.
1007 254 1058 288 Ex
1072 264 1142 302 qua
1162 252 1572 301 interpretationelitet
1591 255 1702 292 intel·

294 294 432 344 ligere,
461 297 551 346 quid
570 298 612 337 fit
629 305 680 340 ἐπὶ
699 302 796 343 πολι),
824 301 914 349 quid
932 301 971 338 δι’
988 301 1074 339 miro*
1091 304 1192 340 τοῦτο
1206 327 1216 344 ,
1240 302 1329 351 quid
1350 309 1405 341 ἐπὶ
1426 313 1563 349 σχολῆς.

248 345 285 379 6.
316 352 406 381 Νέου
427 354 484 390 μὲν
511 354 580 394 ’γὰρ
611 346 709 391 grove:
734 359 794 392 τῆς
819 348 975 392 {wedene
997 347 1135 395 ἔμελλεν
1159 351 1292 398 ἧμέςας.
1313 354 1342 393 1,
1370 355 1426 392 16,
1444 365 1477 388 2.
1525 352 1701 389 Politian.

296 392 517 438 Idfuturum
536 409 618 434 erat
637 412 730 434 anno
748 401 901 435 ineunte.
946 402 1109 448 Bergler.
1136 402 1233 436 Novi
1242 411 1357 436 autem
1377 402 1466 436 anni
1478 399 1628 449 secunda
1645 402 1703 438 die

302 452 385 478 erat
403 445 588 490 desiturus.
641 448 740 483 Hinc
759 448 867 484 facile
886 448 1070 496 intelligas
1083 473 1094 489 ,
1129 449 1218 491 quid
1247 449 1289 485 fit
1313 459 1373 492 τῆς
1392 455 1545 493 ἐπιούσης
1566 457 1702 496 ἡμέρας.

248 501 284 536 7.
310 492 434 536 Ἀρχαί
453 510 490 531 τε
511 493 669 540 ἐπώνυμοι
692 498 718 537 l,
743 501 798 538 16,
819 508 853 539 7.
901 496 1076 533 Politian.
1109 499 1240 534 Summi
1258 498 1499 546 magistratus.
1549 500 1705 546 Stepha-

294 552 364 577 nus
383 543 523 580 mavult
540 547 697 592 eponymi
721 544 974 594 magistratus,
1008 547 1130 583 addita
1157 547 1426 594 explicatione:
1469 547 1554 583 sunt
1577 559 1703 585 autem

272 624 276 626 .
295 590 473 639 eponymi
495 593 719 641 magistratus
743 592 934 630 consules.‘
979 595 1051 631 Sed
1071 608 1233 643 utroque
1249 596 1381 632 melius
1394 597 1606 644 Berglerus:
1629 610 1703 632 ma-

294 638 495 687 gistratus,
532 654 676 690 quorum
700 644 893 679 nominibus
911 645 1213 692 annus-lignatus.
1271 647 1367 681 Sunt
1396 646 1497 681 enim
1524 645 1702 693 eponymi
1724 649 1726 653 '

304 688 527 736 magistratus
545 691 751 738 generatim
771 692 820 733 ii,
862 705 880 728 a
899 693 1034 740 quibus
1061 694 1147 729 anni
1174 698 1440 736 numerantur,
1477 705 1515 730 et
1544 695 1581 729 in
1604 694 1703 730 fastis

291 747 489 779 notantur,
515 740 587 774 hoc
606 739 674 780 est,
699 741 799 786 apud
819 741 1062 778 Athenienses
1083 743 1254 789 princeps
1272 743 1430 785 archon,
1457 743 1555 791 apud
1569 743 1702 779 Roma-

298 796 371 821 nos
389 786 555 824 consules
578 787 765 825 ordinarii.
790 802 825 825 v.
847 790 1060 837 Weffeling,
1080 791 1163 827 Obs
1188 793 1231 834 11,
1255 803 1311 834 25.
1336 804 1370 838 p.
1386 803 1470 835 255.

247 840 283 874 ⁸.
307 840 472 877 Τοιαύτης
489 839 656 882 εὖμοιςίας
675 839 729 882 καὶ
747 842 905 884 εὐταξίας
926 845 1134 884 κατεχούσης
1152 846 1208 876 τὸν
1227 839 1358 885 βίσνᾸῙΙ,
1382 852 1414 884 ς,
1441 851 1472 876 Ι.
1523 841 1639 892 Qum
1663 840 1703 876 in

295 883 361 919 hac
384 896 517 921 morum
544 888 712 934 vitaeque
738 887 901 936 modestia
921 898 1057 937 ageret.
1104 890 1156 923 lta
1187 888 1406 923 Pontianus.
1464 890 1536 925 Sed
1558 890 1704 937 Bergle·

291 944 374 968 rus:
416 933 500 970 Tali
517 944 632 971 autem
643 935 830 981 felicitate
849 939 1014 985 te171poris
1035 951 1077 972 ac
1090 939 1213 973 decore
1224 946 1361 973 tenente
1376 938 1491 973 vitam
1502 939 1702 978 hantunam,

289 981 330 1018 id
349 980 422 1024 est,
459 993 573 1031 quum
596 995 713 1032 genus
732 987 933 1021 humanum
949 1011 959 1026 ,
997 998 1114 1034 quum
1132 985 1304 1022 homines
1332 996 1422 1021 tunc
1442 985 1607 1022 viventes
1636 989 1704 1022 hac

295 1029 500 1074 felicitate,
537 1033 603 1068 hac
632 1046 778 1069 morum
801 1034 1008 1081 probitate,
1042 1046 1246 1071 uterentur.
1306 1033 1514 1070 Pontianus
1547 1034 1704 1071 dubium

294 1089 336 1114 te
363 1078 566 1128 relinquit,
604 1081 777 1130 quorsum
797 1089 836 1120 τὸ
860 1088 927 1130 βίον
955 1083 999 1119 fit
1020 1083 1279 1124 referendum,
1306 1095 1436 1130 ,utrum
1470 1083 1512 1118 ad
1543 1085 1706 1133 Pertina-

291 1139 395 1166 cem·
431 1141 476 1165 an
496 1132 539 1167 ad
558 1131 731 1167 homines
749 1131 954 1169 Pertinacis
973 1145 1092 1168 aetate
1114 1132 1294 1168 viventes.
1355 1131 1705 1180 hlegantiam'grae-

294 1187 359 1213 cae
383 1177 587 1215 locutionis
617 1180 778 1226 explicat
805 1181 1041 1218 Casaubonus
1068 1180 1112 1216 ad
1142 1183 1376 1220 Athenaeum
1396 1183 1477 1221 XV,
1500 1194 1529 1225 ς·
1581 1180 1704 1217 Latini

291 1227 427 1263 eodem
453 1227 556 1265 sensu
582 1241 732 1277 ponunt
762 1228 875 1266 vitam
901 1230 1113 1266 humanam.
1151 1244 1187 1266 v.
1210 1229 1456 1267 Hemsterhus.
1485 1230 1530 1265 ad
1549 1230 1702 1267 Lucian.

289 1274 389 1324 Dial.
418 1288 498 1324 pag.
519 1289 574 1319 70.
593 1279 645 1326 sq.

331 1325 488 1371 Propter
507 1326 620 1367 haec,
656 1339 695 1364 et
721 1327 779 1364 his
798 1326 925 1364 fimilia
955 1328 1067 1376 longe
1096 1328 1274 1375 plurima,
1311 1340 1396 1374 non*
1421 1326 1530 1363 aufirn
1557 1326 1706 1364 Politia-

192 1382 285 1408 num
304 1373 493 1417 accusare,
519 1375 616 1422 quali
638 1377 893 1413 Herodianum
915 1389 992 1412 non
1018 1378 1254 1413 intellexerit.
1304 1377 1532 1413 Liberiorem
1557 1386 1704 1413 tantum

190 1420 437 1467 interpretem
460 1422 568 1472 egisse
588 1425 628 1462 in
650 1425 706 1461 his
725 1426 1016 1473 interpretandis
1036 1425 1189 1462 dixerim
1204 1451 1214 1467 ,
1239 1438 1278 1463 et
1297 1438 1314 1461 a
1334 1425 1455 1461 verbis
1476 1426 1602 1471 paullo
1623 1424 1706 1461 lon·

190 1469 274 1518 gius
293 1470 486 1508 discessisse.
537 1475 649 1511 Nunc
669 1474 859 1511 veniamus
880 1474 924 1510 ad
945 1487 1007 1516 ea,
1043 1487 1136 1522 quae
1158 1476 1254 1511 rene
1276 1475 1540 1521 interpretatur
1560 1475 1705 1523 Bergle-

189 1529 278 1564 rus:
312 1518 436 1562 secus,
473 1534 516 1560 ut
536 1523 707 1563 videtur.
736 1522 1104 1563 Politianustcuius
1136 1524 1281 1572 generis
1312 1525 1380 1559 iam
1414 1523 1527 1558 multa
1557 1523 1706 1559 notavit

192 1565 236 1602 in
263 1567 447 1606 Politiano
477 1584 514 1608 Η.
541 1585 828 1614 STEPHANVS,
869 1585 910 1609 ut
940 1583 1074 1609 notum
1110 1575 1184 1615 est,
1228 1571 1468 1608 adversarium
1510 1583 1704 1619 propterea

191 1615 323 1654 arastus
343 1620 574 1661 Boeclerum‚
601 1621 792 1668 aliosque,
818 1621 881 1669 qui
903 1621 1076 1658 Politiani
1101 1619 1347 1668 patrocinium
1369 1620 1605 1666 susciperent.
1655 1622 1705 1656 Ea

193 1665 323 1702 cuneta
343 1665 415 1704 iam
435 1681 514 1704 non
535 1680 711 1716 repetam.
761 1670 949 1713 Quaedam
970 1669 1042 1706 five
1061 1671 1250 1707 observata
1271 1683 1289 1705 a
1309 1670 1513 1716 Stephane,
1541 1669 1612 1705 five
1625 1681 1705 1706 non

191 1713 408 1758 observata,
443 1730 673 1766 proponam,
717 1719 757 1757 in
785 1720 921 1766 quibus
950 1717 1239 1766 interpretandis
1269 1730 1394 1755 utrum
1424 1713 1642 1754 l’olitianusP
1659 1731 1705 1754 an

190 1762 384 1810 Berglerus
397 1765 512 1802 fuerit
528 1767 688 1810 felicior,
714 1779 841 1816 graece
861 1767 961 1804 docti
976 1768 1121 1807 lestoris
1142 1767 1281 1806 iudicio
1303 1767 1522 1814 relinquam.
1574 1767 1706 1820 Osten-

192 1811 278 1848 dam
295 1812 491 1860 tripliciter
510 1816 738 1853 Pontianum
758 1817 876 1853 videri
898 1817 1078 1864 peccasse,
1105 1830 1205 1854 nunc
1225 1817 1362 1852 alienas
1383 1828 1401 1850 a
1422 1817 1508 1851 loco
1529 1814 1705 1863 fignifica-

193 1859 318 1897 tiones
338 1863 476 1910 graecis
495 1865 687 1901 vocabulis
709 1864 908 1902 tribuendo
922 1891 932 1906 ‚
962 1878 1063 1902 nunc
1084 1865 1226 1913 aliquid
1253 1864 1466 1901 omittendo
1480 1889 1491 1905 ,
1523 1876 1624 1901 nunc
1643 1864 1706 1900 de-

191 1907 312 1956 nique
330 1910 470 1959 aliquid
488 1913 534 1948 de
552 1913 617 1950 suo
640 1914 825 1951 addendo.
883 1917 936 1951 Ut
963 1917 1007 1950 ab
1034 1915 1169 1950 ultimo
1195 1913 1397 1961 incipiam,
1431 1912 1706 1950 confideremus

191 1955 320 1996 locum
343 1973 384 1996 ex
398 1962 462 2003 IV,
480 1976 514 2008 4,
535 1975 569 2004 7.
620 1970 725 2004 Γέτας
746 1969 804 2008 μὲν
825 1968 861 2005 δὴ
880 1965 1022 2009 τρωθεὶς
1041 1969 1174 2010 καιρίως
1194 1969 1371 2009 προσχὲαε
1391 1969 1432 1999 τὸ
1453 1961 1536 2006 αἷμα
1551 1967 1624 2004 τοῖς
1642 1970 1705 2005 τῆς

193 2014 320 2053 μητρὸς
341 2006 483 2051 edita-1,
516 2009 707 2057 μετήλλαξε
724 2018 781 2049 τὸν
802 2017 883 2057 βίω).
934 2012 1044 2048 Polie.
1079 2014 1202 2062 Quare
1219 2013 1360 2060 irrupto
1377 2010 1527 2060 fijataejis
1553 2011 1704 2046 cubiculo

194 2056 294 2092 „ihil
309 2071 383 2095 eum
413 2061 486 2095 tale
513 2061 751 2110 expeflantem
769 2060 884 2110 supra
908 2063 1039 2097 matris
1054 2063 1171 2108 pee‘lus
1192 2063 1299 2096 multo
1321 2063 1510 2096 mulamem
1529 2059 1706 2107 sanguine

190 2103 321 2152 saevust
346 2108 546 2145 obtruncat.
605 2111 647 2146 In
676 2121 752 2156 quo
781 2111 867 2146 loco
895 2110 1175 2156 interpretando
1203 2109 1342 2158 aliquid
1375 2109 1421 2144 de
1441 2108 1507 2144 suo
1529 2107 1705 2144 addidiss'e

195 2153 428 2194 Pontianum
449 2170 563 2194 nemo
580 2158 754 2206 negabit,
788 2170 826 2195 et
847 2158 999 2205 quidem
1019 2171 1059 2194 ea
1080 2160 1186 2195 verba
1208 2160 1349 2207 irrupto
1361 2158 1508 2204 fratris
1534 2158 1702 2194 cubiculo.

196 2201 302 2239 Nihil
325 2205 385 2241 hic
404 2207 450 2242 de
464 2204 660 2243 'latinitate
680 2207 849 2243 vocabuli
870 2208 1034 2254 irruptus
1054 2208 1161 2243 dico:
1186 2207 1277 2243 illud
1298 2219 1413 2243 unum
1436 2219 1587 2249 moneo,
1615 2219 1705 2243 con-

197 2249 417 2288 donandum
452 2253 523 2289 hoc
555 2255 848 2292 additamentum
883 2255 999 2293 videri
1031 2256 1217 2293 Politiano
1258 2255 1379 2303 posse,
1414 2255 1438 2292 fi
1464 2251 1599 2291 ‘caedes
1630 2256 1706 2297 ina.

198 2311 309 2347 quam
328 2299 519 2339 historicus
539 2303 732 2344 describit,
767 2305 806 2340 in
832 2304 954 2340 fratris
976 2305 1150 2341 cubiculo
1180 2304 1271 2341 faEla
1293 2303 1390 2341 effer.
1451 2305 1562 2341 Nunc
1580 2316 1706 2352 'quum

197 2347 280 2385 Dio
298 2362 359 2394 77,
383 2363 461 2399 pag.
483 2364 585 2395 ¹²89·
608 2354 794 2393 reclamet,
821 2353 884 2400 qui
904 2353 1036 2398 diserte
1051 2355 1185 2391 Getam
1206 2354 1242 2390 in
1262 2353 1386 2390 matris
1408 2353 1577 2389 cubiculo
1598 2365 1705 2390 neca·

200 2407 282 2434 tum
302 2400 448 2445 prodit,
489 2400 572 2448 quis
595 2402 665 2438 erit
686 2414 758 2438 tam
779 2402 922 2444 facilis,
956 2413 998 2439 ut
1027 2403 1097 2438 hoc
1123 2415 1251 2438 contra
1274 2402 1384 2438 fidem
1404 2403 1574 2438 historiae
1602 2401 1706 2437 addi-

199 2457 283 2482 tum
304 2447 491 2485 politiano
511 2449 779 2487 remittendum
800 2463 917 2498 putet.
941 2465 977 2487 v.
998 2451 1135 2495 fabric.
1155 2452 1199 2487 ad
1219 2451 1341 2488 locum
1360 2452 1507 2488 Dionis.
1559 2451 1704 2488 Remus

200 2494 326 2544 itaque
353 2499 564 2546 Berglerus:
610 2504 665 2534 Ac
686 2501 777 2536 Geta
798 2502 934 2549 quidem
954 2503 1162 2536 vulneratus
1191 2502 1369 2541 letaliter,
1404 2500 1510 2551 (θὴρ
1531 2500 1705 2548 sanguine

199 2547 254 2581 ad
269 2547 398 2581 matris
415 2549 532 2594 pei‘lus
552 2546 685 2593 decqffit
704 2563 721 2584 e
735 2551 828 2586 vita.
881 2551 953 2586 Sed
975 2549 1014 2585 in
1032 2550 1098 2585 hac
1118 2550 1224 2595 culpa
1247 2562 1327 2586 raro
1347 2550 1415 2587 effe
1427 2549 1630 2588 Politianus
1649 2550 1705 2586 vi-

201 2592 311 2630 detur
326 2618 336 2634 ‚
372 2595 605 2643 frequentius
627 2595 664 2632 in
687 2597 770 2640 illa,
810 2611 879 2647 qua
900 2599 1041 2644 aliquid
1063 2598 1266 2641 omittitur,

255 2655 287 2680 ι.
312 2643 469 2690 Ἀφειδῶς
488 2657 507 2681 a
529 2645 714 2687 politiano
738 2650 766 2688 l,
789 2657 824 2688 8,
848 2659 898 2691 17.
920 2660 997 2684 non
1021 2646 1199 2689 vertitur,
1224 2661 1242 2684 a
1263 2648 1434 2699 Berglero
1453 2659 1578 2686 autem
1605 2647 1704 2686 citra

296 2693 475 2730 deler‘fum.
525 2694 695 2742 Proprie:
734 2697 784 2733 ita
802 2702 845 2735 ut
865 2695 1008 2735 nemini
1029 2707 1208 2745 parceret.
1568 2706 1573 2710 ·
1699 2719 1702 2723 *
