1798 3163
119 100 202 144 DE
226 92 608 144 HER'ODIANO
630 94 893 149 EWSQVE
914 93 1076 139 VERS.
1098 92 1389 139 BERGLER.
1438 109 1641 138 xxxvii
1675 145 1685 151 δ

117 200 339 256 τέἥρτεὲεῑὶο
370 206 452 254 eius
475 204 694 253 paraphrasis
723 203 797 241 dici
828 204 890 241 vix
920 215 1057 252 queat,
1097 203 1236 241 nedum
1259 199 1495 249 metaphrafis
1521 200 1641 248 poffit.

115 260 234 294 Certe
255 270 311 292 10.
337 258 459 301 ursin.
481 267 760 295 BOFcLssRvs,
805 254 862 290 vir
879 254 1123 295 dofflflimus,
1156 252 1311 289 renium
1341 250 1547 287 versionum
1575 262 1640 298 ge-

114 318 188 344 nus
211 305 344 342 maluit
361 306 423 341 seu
443 304 671 352 excogitare,
704 303 766 340 seu
789 302 1003 352 confingere
1016 314 1055 339 et
1071 301 1326 343 comminisci,
1351 300 1465 347 idque
1482 297 1637 335 Politia·

112 358 168 392 ’πο
193 355 373 403 singulare
391 365 431 390 et
448 352 643 400 proprium
666 353 811 393 dicere,
848 365 959 401 quam
980 351 1188 389 Herodiani
1210 349 1559 397 interpretationem
1582 348 1636 383 la-

114 403 234 440 'tinam
263 404 362 440 inter
390 402 657 439 translationes
683 402 742 438 vel
770 401 878 449 primi
906 402 965 438 vel
994 401 1141 438 secundi
1174 399 1320 448 generis
1339 398 1490 435 referre.
1548 398 1633 452 Nec

114 453 268 490 difficile
287 452 384 489 disin
405 452 477 492 est,
509 464 574 488 cur
594 453 791 488 Boeclerus
812 453 861 488 ita
882 451 1044 489 senserit.
1093 450 1203 487 Vidit
1222 462 1379 495 nempe,
1405 460 1517 484 unam
1529 447 1632 483 Poli-

112 503 217 539 tiano
241 515 362 538 curam
384 501 511 543 fuisse,
547 500 570 536 fi
593 501 707 537 latina
729 501 910 550 elegantia
934 500 1049 550 posset
1061 500 1173 537 etiam
1188 500 1226 535 in
1248 497 1628 545 verlionecumgrae-

109 563 156 587 «ca
173 550 380 587 Herodiani
401 551 589 586 venustate
609 561 768 592 certare,
794 562 930 598 atque,
957 561 999 586 ut
1017 550 1078 586 hic
1097 548 1312 586 succederet
1333 558 1502 587 conatus,
1530 544 1628 582 mul-

111 612 150 636 ta
175 600 307 645 utique
327 599 501 640 mutass'e,
535 612 638 635 nunc
666 599 884 647 graecismus
912 601 952 636 in
981 597 1184 637 latinismos
1212 597 1494 637 convertendo,
1526 605 1630 631 nunc

109 650 220 685 verba
242 648 586 695 prosubstantivis,
623 649 842 684 substantiva
863 662 930 696 pro
952 650 1097 689 verbis,
1125 660 1227 684 nunc
1247 647 1334 682 alias
1349 644 1533 681 orationis
1546 656 1627 690 par-

108 705 165 734 tes
190 711 256 745 pro
277 691 358 736 aliis
383 698 582 743 ponendo,
618 710 720 735 nunc
738 699 838 744 prius
859 698 951 736 dista
968 698 1191 746 posteriore,
1220 695 1399 744 posterius
1417 693 1512 730 dista
1530 693 1629 740 prio,-

107 759 174 788 re,
207 747 291 783 loco
311 747 554 789 collocando,
596 760 697 784 nunc
727 747 891 795 denique
919 761 1029 784 unam
1061 746 1322 795 periodumin
1351 745 1474 792 plures
1503 742 1629 780 diffol-

107 798 235 834 vendo
249 823 258 838 ,
290 797 413 844 plures
436 796 518 832 vice
538 796 637 832 versa
658 795 698 832 in
717 810 827 834 unam
850 798 1062 833 conflando
1122 796 1192 832 Sed
1222 806 1339 844 quum
1359 794 1424 830 has
1444 792 1624 835 mutatio·

105 857 196 887 nes,
242 846 374 894 hisque
401 844 556 885 similes,
596 846 718 882 facere
749 859 813 893 per
840 846 1099 893 paraphraseos
1134 846 1236 892 leges
1265 841 1463 889 interpreti
1500 841 1622 882 liceat,

105 895 324 944 praesertim
352 895 409 935 ei,
454 895 519 942 qui
546 895 753 943 elegantiae
780 895 962 932 sermonis
989 894 1108 936 illius,
1151 894 1193 930 in
1213 906 1323 940 quem
1345 891 1486 939 aliquid
1507 901 1625 927 trans-

106 944 205 986 fert,
240 944 333 980 velit
350 943 564 984 consulere,
611 943 726 980 modo
748 944 890 979 sensum
923 955 1264 992 argumentumque
1288 941 1444 977 auctoris
1459 965 1470 982 ‚
1506 951 1622 984 quem

104 994 402 1030 transferendum
422 993 591 1038 suscipit,
629 993 836 1039 exprimat;
875 1006 940 1037 per
960 1006 1028 1029 nos
1048 991 1176 1028 licebit
1194 991 1303 1027 etiam
1325 991 1478 1026 latinam
1500 991 1622 1025 Hero-

103 1043 206 1078 diani
228 1042 603 1089 interpretationem,
631 1055 740 1089 quarn
762 1042 935 1078 Politiani
961 1042 1152 1091 ingenium
1176 1039 1335 1088 peperit,
1361 1037 1620 1087 paraphraseos

101 1098 261 1128 numero
285 1103 326 1126 ac
345 1091 428 1126 loco
446 1091 593 1127 habere.
645 1091 854 1128 politianus
881 1091 1022 1127 scilicet
1050 1090 1175 1128 voluit
1194 1091 1232 1126 in
1252 1099 1416 1135 utroque
1437 1088 1621 1134 interpr-ev

101 1141 207 1176 tandi
227 1152 386 1189 genere,
418 1139 508 1187 quid
532 1139 665 1186 posset,
699 1141 870 1187 experiri.
899 1150 901 1154 ⁴
921 1143 1053 1188 ltaque
1071 1140 1109 1176 in
1132 1139 1287 1186 Epiaeti
1311 1136 1553 1178 Enchiridio,
1577 1136 1617 1170 in

102 1189 153 1226 du
171 1192 250 1226 rbus
271 1188 412 1238 ldylliis
434 1190 600 1230 Moschi,
628 1190 668 1226 in
688 1190 831 1238 hymno
846 1189 1085 1232 Callimachi,
1116 1189 1181 1238 qui
1202 1187 1617 1225 inscribiturlavacrum

99 1239 279 1280 Palladis,
312 1237 408 1274 addo
430 1237 468 1274 in
492 1240 738 1287 Theophrasti
757 1239 1024 1277 charafleribus
1045 1239 1176 1276 ethicis
1196 1238 1292 1274 illud
1310 1236 1478 1273 vertendi
1497 1244 1616 1283 genus

97 1288 284 1328 tentavit,
320 1288 424 1335 quod
453 1289 498 1324 ad
527 1291 682 1325 verbum
711 1288 837 1325 omnia
857 1289 1055 1336 exprimit:
1091 1287 1131 1325 in
1153 1287 1371 1325 Herodiano
1401 1296 1530 1322 autem
1559 1283 1618 1319 in-

94 1336 342 1384 terpretando
364 1350 380 1371 a
404 1349 535 1386 graeco
554 1339 632 1376 fere
653 1338 806 1388 longius
828 1337 996 1381 recedit,
1033 1339 1240 1387 elegantiae
1258 1347 1297 1374 et
1318 1334 1516 1373 latinitatis
1546 1344 1616 1381 po·

97 1387 273 1423 tiffimum
291 1386 482 1423 studiosus.

200 1439 275 1472 lam
297 1447 376 1472 utra
394 1436 567 1472 vertendi
591 1438 685 1473 ratio
707 1437 867 1475 maxime
887 1434 932 1473 fit‘
955 1437 1167 1485 probanda,
1192 1435 1303 1472 facile
1324 1433 1525 1482 intelliget,
1548 1429 1614 1480 qui

99 1483 362 1527 confiderabit,
397 1485 583 1532 triplicem
608 1487 677 1523 effe
697 1500 850 1527 eorum,
884 1488 949 1535 qui
972 1487 1017 1523 ad
1044 1486 1225 1535 legendos
1245 1495 1397 1532 graecos
1419 1482 1615 1522 accedunt,

98 1535 371 1572 differentiam:
410 1537 502 1572 alios
523 1536 595 1572 effe
612 1548 738 1584 graece
757 1536 1002 1579 dostiffimos,
1044 1537 1179 1585 hisque
1206 1535 1304 1570 nulla
1325 1532 1493 1570 versione
1518 1541 1613 1579 opus

98 1586 189 1622 esse:
222 1584 314 1620 alios
332 1595 542 1632 graecarum
560 1586 751 1622 literarum
773 1587 923 1634 quidem
943 1598 1115 1633 expertes
1146 1584 1237 1626 esse,
1271 1583 1333 1620 sed
1355 1583 1470 1633 magis
1489 1581 1535 1618 de
1556 1592 1613 1617 re·

94 1635 166 1672 bus
185 1645 315 1683 graeco
337 1634 507 1670 sermone
524 1635 693 1676 traditis,
727 1647 836 1683 quam
859 1635 905 1672 de
926 1636 1094 1672 sermone
1112 1635 1214 1682 ipso,
1246 1634 1432 1674 laborare,
1467 1631 1614 1677 hosque

94 1695 331 1729 utracunque
350 1683 520 1720 versione
542 1685 638 1730 posse
659 1684 729 1721 esse
750 1695 974 1722 contentos:
1002 1685 1093 1721 alios
1114 1683 1280 1729 denique
1293 1695 1338 1718 eo
1353 1682 1526 1729 spestare.
1554 1689 1612 1718 ut·

95 1745 190 1781 quae
211 1732 252 1768 fit
270 1732 496 1782 singulorum
518 1735 715 1771 verborum
736 1732 1032 1782 fingularumque
1053 1733 1210 1781 partium
1222 1732 1401 1769 orationis
1419 1729 1474 1767 vis
1496 1739 1534 1766 et
1545 1739 1613 1775 po-

97 1783 227 1820 testas,
263 1793 357 1828 quae
383 1783 562 1819 sermonis
582 1784 699 1831 graeci
720 1783 896 1825 indoles,
930 1783 1182 1832 cognoscant,
1215 1782 1348 1828 hisque
1367 1793 1427 1817 eas
1458 1781 1608 1816 demum

98 1827 285 1866 versiones
307 1831 462 1866 maxime
484 1833 671 1876 prodesse,
709 1832 746 1868 in
765 1833 920 1880 quibus,
956 1845 999 1869 ut
1020 1832 1132 1869 docet
1153 1834 1251 1869 l'etr.
1269 1829 1441 1868 Nannius
1460 1829 1505 1865 ad
1517 1829 1610 1864 Hor.

99 1881 147 1916 A.
170 1879 208 1915 P.
230 1888 307 1925 133.
327 1889 366 1914 et
384 1880 515 1914 indoles
543 1879 608 1919 fit,
645 1882 807 1928 etfitles,
841 1893 880 1917 et
902 1883 1052 1930 religio:
1091 1883 1245 1922 indoles,
1281 1881 1354 1916 hoc
1380 1880 1450 1921 est,
1493 1875 1611 1923 tropi,

98 1928 258 1977 figurae,
291 1926 456 1964 adfectus
475 1940 674 1974 moresque
699 1930 870 1976 expreffi:
903 1932 1009 1975 fides,
1042 1942 1136 1978 quae
1158 1929 1289 1967 reddat
1311 1927 1515 1966 sententiae
1529 1928 1611 1962 sen-

98 1976 276 2018 tentiam,
312 1975 484 2024 nihilque
506 1989 575 2012 nec
594 1977 728 2018 addat,
760 1989 831 2014 nec
849 1971 994 2014 de'mat:
1030 1979 1192 2027 denique
1211 1979 1360 2026 religio,
1396 1985 1489 2023 quae
1512 1975 1608 2011 circa

95 2028 208 2062 verba
229 2025 352 2062 verbis
374 2026 559 2062 reddenda
579 2026 753 2062 versetur.
805 2029 926 2068 Quam
946 2027 1167 2075 religionem
1187 2039 1304 2073 quum
1330 2028 1374 2062 ab
1399 2027 1608 2071 interprete

96 2075 249 2124 requiro
262 2101 272 2116 ‚
305 2074 426 2114 nolim
447 2075 647 2124 quisquam*
664 2075 866 2117 existimet,
894 2076 984 2112 mihi
1008 2076 1296 2124 probariservile
1315 2077 1422 2117 illud,
1442 2085 1477 2111 et
1495 2076 1611 2111 inter·

95 2125 372 2170 lineari-(imile,
398 2126 666 2174 interpretandi
677 2137 813 2173 genus,
846 2129 940 2174 quod
944 2126 1101 2172 facilius
1117 2130 1168 2161 ad
1182 2136 1308 2174 pueros
1327 2125 1610 2173 corrumpendos,

96 2187 201 2223 quam
218 2176 270 2210 ad
276 2172 508 2222 sublevandos
527 2175 788 2221 iuvandosque,
819 2178 1004 2224 pertinere
1023 2175 1185 2217 iudicat,
1217 2175 1329 2210 decus
1352 2173 1444 2210 illud
1458 2174 1608 2210 Germa-

98 2225 208 2263 niae,
241 2235 267 2259 1.
292 2237 335 2260 M.
369 2236 593 2260 Gl-‘SNFRVS
625 2224 664 2259 in
695 2223 854 2271 Epistola
881 2225 925 2260 ad
955 2237 1009 2260 ιο.
1043 2237 1165 2261 tarn.
1199 2235 1422 2260 Rem-zivzi
1453 2223 1607 2260 Luciani

81 2272 275 2320 ⁴operibus
296 2273 492 2319 praemissa.
539 2274 595 2310 Est
615 2274 716 2309 enim
737 2273 947 2322 linguarum
968 2284 1067 2309 tauta
1090 2273 1368 2313 diffimilitudo,
1397 2283 1438 2309 ut
1460 2273 1499 2309 in
1519 2285 1609 2321 qua-

99 2322 194 2359 libet
219 2323 399 2358 nonnulla
427 2334 642 2365 occurrant,
680 2335 776 2370 quae
800 2325 843 2359 ad
872 2326 1025 2360 verbum
1056 2322 1116 2358 vix
1148 2322 1257 2358 liceat
1277 2321 1502 2368 exprimere,
1541 2322 1607 2358 nili

99 2371 312 2409 obscuram,
347 2372 572 2408 invenustam
588 2396 599 2412 ,
633 2371 877 2419 putidamque
895 2373 1049 2408 reddere
1067 2371 1276 2408 orationem
1297 2371 1402 2406 velis.
1456 2372 1534 2413 Qui
1559 2373 1607 2408 ita

99 2420 145 2455 ad
167 2421 322 2457 verbum
341 2432 488 2469 graecos
508 2423 669 2458 austures
689 2421 912 2467 interpretes
931 2420 1037 2456 larini
1060 2420 1293 2468 exprimunt,
1319 2433 1360 2457 ut
1381 2421 1453 2457 hoc
1474 2422 1607 2458 vitium

98 2481 276 2511 caveant,
322 2481 386 2504 eos
421 2471 703 2506 dothffimorum
743 2471 906 2506 virorum
937 2470 1076 2507 iudicio
1117 2470 1273 2506 maxime
1301 2470 1410 2506 video
1449 2472 1609 2517 probari.

97 2519 234 2554 Probat
256 2519 327 2553 hoc
350 2519 616 2565 interpretandi
638 2531 755 2563 uenus
776 2520 805 2555 is
820 2545 829 2560 ,
857 2532 967 2567 quem
989 2519 1102 2555 modo
1121 2519 1290 2562 laudavi,
1319 2521 1603 2557 Gesner-usse:

99 2567 228 2614 probat
250 2580 284 2603 τ’.
309 2579 581 2605 ΒνῐωΑκκν-ς»
610 2567 815 2609 secundus,
843 2570 932 2617 qui,
962 2580 1217 2616 praeterquam
1241 2568 1341 2613 quod
1369 2581 1511 2605 nomen
1532 2583 1607 2606 ma-

97 2615 160 2663 gni
182 2615 281 2652 illius
303 2629 336 2652 ι’.
361 2629 585 2653 ΒνῐιΜΑκςι
609 2617 742 2659 habet,
778 2618 889 2653 etiam
918 2616 1111 2666 ingenium
1133 2617 1231 2653 illius
1253 2617 1508 2666 virtutemque
1538 2632 1606 2656 no-

98 2667 153 2702 bis
175 2664 321 2708 reddit,
352 2664 392 2702 in
416 2666 646 2714 praefatione
674 2667 770 2707 lestu
795 2666 1002 2717 digniffima
1022 2666 1066 2703 ad
1083 2665 1340 2715 Aristophanis
1361 2668 1606 2707 Comoedias:
