1772 3158
408 156 412 165 ·
464 144 765 191 EXCVRSVS
801 145 885 188 AD
926 144 1074 188 LIBR.
1107 143 1142 189 I.
1462 148 1527 200 89
1540 157 1589 215 5¹

56 259 126 296 tita
146 257 366 296 adversativa
387 269 450 306 pcr
469 255 665 303 epizeuxin
685 256 889 294 rhetorum,
917 263 961 289 ut
979 253 1195 290 nostratium
1217 252 1316 296 aber,
1338 254 1436 294 aber,
1467 256 1570 302 quod

56 309 142 346 sane
163 321 246 344 cum
267 307 392 354 aliquo
419 306 534 342 animi
557 317 664 341 motu
689 304 861 345 sumunt,
897 315 940 340 ur
963 303 1112 347 quidam
1139 302 1260 349 postea
1291 303 1458 339 nostrum
1486 309 1568 342 ἀλλ.

55 362 148 403 γὰρ,
173 358 232 393 cui
253 368 350 392 extra
371 368 514 392 morum
535 354 646 390 animi
667 366 728 400 par
751 351 915 389 nostrum
936 353 1021 386 aber
1041 351 1171 390 asisin,
1199 364 1219 386 c
1240 351 1426 398 duplicata
1442 352 1568 390 adver·

55 407 165 447 sativa
179 430 189 446 ,
217 406 343 452 quales
359 406 425 441 Gt.
448 404 538 439 aliae
554 408 646 440 ἀλλὰ
663 409 745 445 μὴν,
779 405 870 438 &aaz
889 406 949 443 μὲν
971 411 1008 436 et
1029 405 1116 440 πλὴν
1133 404 1237 437 ἀλλά.

215 453 288 489 Sed
305 454 429 489 nostro
448 457 538 489 ἀλλὰ
555 459 624 498 γὰρ
646 464 665 486 e
685 450 826 486 Latinis
847 451 1076 496 respondent

154 502 203 546 A)
231 501 353 538 severe
381 514 422 537 ac
448 514 512 548 pe·-
538 501 697 536 totidem
725 511 858 540 voces,
889 498 914 536 i.
937 499 1026 534 duas
1049 496 1162 532 modo
1175 522 1192 549 ,ῃ
1213 509 1252 532 et
1278 497 1413 534 eodem
1431 510 1569 538 vocum

57 551 192 589 ordine
246 555 282 593 ι)
303 561 343 586 at
363 552 454 586 enim
473 561 530 596 ap.
552 551 598 584 G.
623 549 695 585 Th.
716 561 749 584 ν.
775 558 816 584 at
840 559 920 592 504,
944 555 1001 590 98.
1021 546 1098 593 sqq.
1118 558 1150 591 p.
1171 548 1224 592 lq.
1245 547 1328 590 l.23.
1361 559 1444 583 cuin
1473 551 1569 586 Hor.

55 601 107 637 T.
129 613 164 647 p.
181 608 257 644 158.
280 613 327 635 m.
357 598 398 634 it.
417 600 516 634 Don.
536 599 580 634 ad
601 601 689 634 Ter.
712 599 780 634 Ad.
801 609 838 636 2.
861 609 892 638 1,
911 609 964 641 ¹4·
1017 594 1132 644 2¹)de
1143 596 1233 630 enim
1254 607 1309 641 ap.
1323 596 1370 631 G.
1390 598 1466 633 Th.
1488 611 1570 633 mo-

58 649 108 685 do
130 652 210 694 365,
231 660 289 693 47.
305 647 383 695 sqq.
438 650 473 693 3)
494 660 617 683 verum
636 647 725 682 enim
746 659 803 693 ap.
821 646 866 681 G.
887 646 958 680 Th.
981 643 1056 680 fine
1078 642 1211 690 explic.
1227 657 1265 679 v.
1285 657 1407 680 verum
1418 653 1493 691 985,
1508 656 1566 693 83.

56 697 121 734 sed
142 698 227 734 Νὴ.
249 710 310 742 ρει·
329 697 484 738 atenim,
528 708 674 732 tacente
692 697 784 731 Hor.
806 695 853 730 T.
874 705 912 730 ct
930 696 979 730 N.
1001 694 1044 729 ad
1065 695 1176 734 Ter..
1211 692 1278 729 nili
1300 693 1402 741 quod
1419 695 1568 734 Phorm-

58 757 95 792 3,
114 757 150 793 3,
174 758 230 782 22.
253 746 408 781 habetur
431 747 514 780 Var.
530 745 571 780 L.
593 757 716 780 verum
738 746 936 784 enimvero,
963 756 1056 790 quae
1079 741 1185 791 gloffa
1208 743 1271 782 est,

16 791 20 796 '
155 795 196 838 B)
223 806 287 839 per
306 793 466 830 totidem
486 793 639 842 quidem
659 805 793 836 voces,
825 793 887 829 sed
907 792 978 828 alio
998 792 1132 827 ordine
1151 793 1351 832 enimvero,
1379 805 1454 840 quo
1475 793 1568 832 dev·

56 845 106 880 G.
126 843 197 878 Th.
220 843 302 878 Liv.
322 843 402 879 lnd.
427 845 512 879 Ern.
537 844 630 879 Hor.
653 844 701 878 T.
729 855 762 888 p.
783 854 866 886 259.
888 854 935 876 m.
957 854 1040 878 cum
1059 842 1106 878 N.
1129 852 1207 883 257.
1228 855 1259 877 e.
1278 841 1330 887 sq.
1353 842 1414 878 sed
1434 843 1570 886 melius

57 893 145 930 Niz.
170 905 415 939 per-„verum
436 892 534 928 enim
550 916 560 934 ,
588 903 625 928 at
648 892 781 927 enini“
807 903 890 927 cum
911 891 984 926 hoc
1004 892 1094 925 enim
1117 889 1158 926 sit
1176 903 1242 936 pro
1261 890 1498 936 adversativa,
1523 903 1569 930 ut

57 947 127 987 γὰρ
149 954 183 988 p.
206 945 262 981 δὲ,
293 941 340 976 cf.
361 941 409 977 G.
433 943 507 977 Th.
529 954 564 976 v.
583 942 673 976 enim
697 946 778 986 364,
801 952 857 987 93.
886 940 924 977 it.
945 939 1025 975 Liv.
1047 939 1126 975 lnd.
1148 939 1231 974 Ern.

153 992 199 1033 C)
228 1003 292 1037 per
311 1003 383 1026 tres
399 1003 510 1026 voces
562 994 601 1034 ἰ)
620 1002 743 1025 verum
762 989 864 1025 enim
883 1002 967 1025 vero
987 1001 1040 1035 ap.
1063 989 1107 1023 G.
1129 989 1199 1023 Th.
1219 1000 1252 1022 v.
1275 1001 1400 1024 verum
1420 1002 1452 1026 e.
1481 999 1570 1035 985.

59 1042 118 1079 86.
145 1041 235 1075 Hor.
251 1040 300 1074 T.
321 1052 354 1085 p.
378 1051 478 1085 1095.
496 1039 518 1075 i.
559 1040 663 1075 Corc.
690 1041 733 1074 ad
758 1039 843 1074 Sall.
865 1040 944 1073 Cat.
969 1050 1001 1076 2,
1024 1050 1057 1080 9.
1132 1039 1171 1079 b)
1190 1037 1260 1086 sed
1282 1038 1384 1074 enim
1404 1050 1490 1076 vero
1507 1053 1567 1086 ap.

57 1090 105 1125 G.
129 1088 200 1124 Th.
219 1101 252 1125 ν.
269 1088 419 1135 sed365,
441 1101 495 1134 55.
521 1086 595 1124 {ine
616 1088 808 1134 explicat..
841 1099 884 1122 ut
901 1087 982 1123 Ind.
997 1087 1077 1122 Liv.
1097 1087 1178 1122 ΕΠ).
1203 1097 1242 1122 et
1252 1088 1346 1123 Hor.
1356 1089 1403 1122 T.
1424 1099 1572 1130 tacent,

59 1142 93 1179 c)
116 1148 156 1173 at
176 1137 276 1173 enim
302 1150 388 1174 vero
419 1150 476 1185 ap.
497 1138 591 1173 Hor.
612 1138 660 1173 T.
678 1136 753 1172 fine
773 1136 902 1184 explic.
931 1135 971 1173 it.
991 1148 1048 1184 ap.
1070 1135 1115 1171 G.
1138 1135 1211 1171 Th.
1233 1148 1267 1172 v.
1285 1147 1326 1172 at
1348 1148 1431 1181 505,
1454 1151 1515 1183 27.
1546 1151 1572 1175 e

59 1185 137 1222 Liv.
152 1211 163 1229 ‚
198 1185 261 1222 ubi
283 1186 378 1222 nihil
401 1186 441 1222 in
460 1188 542 1223 Ind.

154 1235 227 1271 Sed
258 1236 359 1281 quod
377 1235 548 1283 Niz.sed
575 1236 666 1270 enim
695 1233 900 1282 explicabat
929 1247 994 1280 per
1022 1235 1150 1270 etenim
1168 1245 1207 1270 et
1236 1234 1309 1270 hoc
1337 1246 1468 1272 contra
1498 1249 1572 1284 pro

59 1297 186 1326 „nam,
201 1282 386 1332 sedenim‘c
404 1284 554 1322 videtur
565 1283 1086 1323 G.Th.inetenimdubitare‚
1110 1283 1179 1319 esse
1197 1295 1262 1328 pro
1283 1283 1507 1320 adversativa
1527 1296 1572 1322 at

56 1334 84 1369 s.
101 1335 278 1369 enimvero
291 1356 300 1372 .
340 1333 479 1369 habens
499 1334 547 1369 ib.
568 1334 782 1368 etenim-vero
802 1345 823 1367 e
847 1333 959 1368 Plaut.
972 1357 983 1373 ,
1012 1343 1050 1367 et
1069 1343 1262 1379 exponens
1281 1345 1347 1378 pro
1359 1334 1570 1378 enimvero,

37 1393 134 1428 *quo
156 1381 201 1417 de
224 1381 479 1428 tricompolito
497 1382 592 1416 nihil
613 1394 669 1428 ap.
691 1382 782 1417 Hor.
801 1381 847 1415 T.
863 1404 874 1421 ‚
907 1381 968 1417 sed
999 1391 1040 1416 ut
1068 1393 1131 1427 par
1163 1380 1334 1416 videatur
1359 1381 1415 1417 illi
1443 1395 1571 1420 verum

57 1429 158 1467 enim
178 1433 287 1469 viro,
320 1428 345 1466 fi
373 1439 407 1465 et
429 1443 495 1477 pro
523 1430 743 1466 adversativa
774 1430 939 1475 capitur,
975 1441 1048 1476 quo
1077 1431 1123 1465 de
1151 1443 1184 1467 v,
1214 1431 1262 1465 G.
1284 1430 1357 1465 Th.
1378 1444 1462 1476 415,
1485 1445 1570 1470 101.

58 1491 145 1515 cum
164 1477 244 1515 lnd.
262 1479 343 1514 Liv.
364 1480 448 1514 Em.
463 1505 471 1520 ,
497 1480 598 1515 unde
620 1491 774 1526 quoque
794 1480 950 1515 alterum
974 1479 1101 1514 etenim
1124 1479 1195 1515 eric
1215 1480 1286 1525 i.q.
1305 1478 1366 1514 sed
1387 1481 1503 1523 enim,
1529 1494 1572 1521 et

55 1528 126 1564 Gr.
145 1529 199 1571 aa)
217 1532 288 1572 ’γὰρ
308 1527 379 1575 i.q.
402 1527 563 1564 nostrum
583 1533 675 1565 ἀλλὰ
694 1532 782 1574 γὰρ,
817 1527 918 1574 quod
938 1527 998 1562 alii

159 1580 193 1618 ι)
220 1587 537 1619 commemorant,
582 1590 662 1612 non
701 1575 926 1622 explicantes
964 1588 1029 1622 per
1066 1576 1144 1612 Lat.
1180 1576 1357 1625 aliquod,
1405 1581 1493 1616 Abr.
1523 1581 1573 1619 ad

59 1625 191 1663 Aesch.
212 1637 248 1666 2,
273 1637 351 1660 ιιι.
370 1638 402 1662 e.
417 1649 427 1666 ,
454 1625 517 1662 ubi
540 1637 577 1661 et
596 1626 807 1672 exemplum
823 1624 901 1660 eius
921 1623 1063 1667 divum,
1091 1625 1171 1661 lnd.
1184 1627 1291 1663 Arist.
1304 1627 1426 1670 Kust.,
1449 1630 1571 1668 Diod.

59 1676 97 1761 ἕ.
125 1687 166 1711 ex
188 1686 220 1715 r,
242 1685 320 1718 299.
346 1674 369 1709 l.
388 1685 446 1720 49.
476 1675 605 1721 atqui,
647 1685 686 1711 et
714 1673 831 1710 Dion.
859 1675 908 1710 H.
938 1675 974 1710 S.
1005 1676 1054 1709 T.
1080 1687 1112 1711 1.
1155 1687 1237 1720 521),
1262 1689 1296 1722 5.
1325 1678 1405 1716 ἀλλ’
1425 1682 1463 1715 εὖ
1486 1685 1572 1728 7323,

78 1724 124 1760 cd
153 1735 233 1765 non,

162 1776 200 1814 2)
229 1771 387 1815 aliquam
413 1772 611 1809 notionem
628 1772 856 1813 indicantes.
886 1771 946 1808 sed
967 1771 1134 1809 fimiliter
1155 1771 1231 1809 fine
1249 1775 1338 1816 Vs.,
1366 1775 1425 1812 Rs.
1443 1779 1509 1814 Or.
1524 1781 1570 1816 V.

63 1834 96 1867 5.
121 1834 155 1869 p.
171 1832 250 1867 237.
270 1823 316 1858 N.
334 1833 386 1865 17.
405 1834 436 1856 e.
465 1823 539 1861 „ab
560 1821 616 1858 his
638 1826 727 1858 ἀλλὰ
745 1817 998 1867 Λακεδαιμένιοι
1016 1827 1085 1868 ’γὰρ
1118 1821 1254 1868 incipit
1282 1825 1444 1862 obiefflo
1471 1827 1495 1865 s.
1515 1829 1574 1866 in.

62 1870 289 1918 terrogatio,
316 1883 381 1916 per
400 1870 593 1907 absurdum
615 1871 858 1908 concludens.
908 1871 1003 1907 Istud
1023 1877 1113 1908 ἀλλὰ
1131 1877 1200 1918 731?
1219 1885 1285 1919 per
1303 1875 1434 1911 tmefin
1455 1878 1575 1914 divul-

60 1920 141 1956 sum
165 1919 243 1955 est«
272 1919 319 1955 cf.
346 1919 424 1955 lnd.
445 1920 489 1956 V.
511 1923 566 1960 6.‚
602 1920 644 1955 it.
672 1921 716 1956 ad
745 1921 906 1957 Herodt.
935 1933 969 1967 p.
991 1925 1074 1964 ὕες.
1096 1924 1193 1958 a.N.
1212 1933 1272 1966 97.
1300 1934 1386 1960 cum
1415 1925 1496 1963 ind,
1517 1928 1571 1964 dr,

61 1968 254 2014 „usurpari
276 1969 312 2004 in
332 1968 579 2015 hyperbatisss·
603 1968 624 2003 i.
645 1982 678 2005 e.
707 1969 786 2016 post
812 1968 1060 2016 parenthelim

163 2021 197 2063 3)
227 2017 390 2053 reddunt
408 2019 485 2054 Lat.
506 2017 660 2054 vocibus
680 2018 736 2053 vel
760 2018 884 2054 severe
898 2042 909 2058 ,
936 2019 994 2054 vel
1018 2031 1211 2067 utcunque
1229 2033 1269 2056 ac
1288 2022 1411 2065 varie,
1446 2023 1507 2061 sed
1529 2037 1574 2063 ut

59 2066 228 2108 fileatur,
262 2066 354 2113 quid
383 2066 446 2102 hic
473 2071 541 2111 γὰρ
564 2068 704 2107 valeat.
741 2067 782 2104 in
805 2078 882 2114 quo
904 2067 957 2103 rei
980 2080 1091 2114 caput
1112 2070 1162 2105 est
1193 2081 1340 2113 tamen,
1378 2074 1457 2109 lnd.
1477 2075 1572 2112 Χεη,

59 2117 104 2153 Z.
125 2116 203 2151 Pol.
230 2117 430 2156 enimvero,
464 2115 526 2151 sed
550 2117 635 2162 Cyr.
654 2115 745 2161 Ἀνβ.
769 2118 930 2152 etMem.
945 2118 977 2152 S.
1000 2130 1126 2153 verum
1146 2120 1248 2155 enim
1266 2132 1363 2163 vero,
1389 2134 1467 2158 tum
1481 2125 1573 2162 Bud,

60 2167 106 2202 C.
128 2170 234 2211 1263.
259 2168 315 2200 26.
343 2167 491 2200 atenim
516 2175 586 2204 „et
612 2176 742 2201 notam
761 2165 874 2201 habet
900 2165 1232 2214 interrogationis,
1265 2171 1384 2217 (quod
1410 2185 1490 2209 non
1520 2174 1572 2210 ita

60 2214 133 2256 est,
163 2213 225 2250 sed
245 2224 285 2250 ut
306 2213 548 2262 interrogatio
568 2213 718 2250 aliunde
738 2214 908 2261 pendeat.
928 2234 966 2242 —
987 2218 1099 2263 Greg.
1119 2217 1197 2253 ἀλλ’
1216 2223 1253 2254 οὐ
1275 2223 1369 2266 γὰρ,
1388 2221 1574 2270 sedenim

59 2275 148 2304 non,
174 2261 431 2311 (diligentius,
459 2274 568 2310 quam
589 2274 676 2299 anre
698 2263 743 2298 ad
765 2263 883 2300 Dion.
901 2265 971 2304 H..
999 2264 1046 2300 cf.
1067 2266 1114 2301 ib.
1142 2270 1246 2307 1286,
1267 2271 1345 2313 46.)
1365 2274 1466 2315 ἀτὰρ,
1489 2271 1512 2307 i.
1532 2285 1570 2320 q,

58 2316 150 2349 ἀλλὰ
171 2317 240 2358 γὰρ
255 2337 264 2352 ,
286 2311 356 2351 ‚sed
377 2318 524 2348 tamen“
551 2311 655 2359 quod
674 2312 753 2347 Lar.
774 2323 813 2349 et
842 2324 912 2349 nos
941 2314 1047 2360 supra
1070 2317 1390 2362 comparavimus,
1422 2314 1468 2356 cr.
1489 2322 1572 2368 Stp.

59 2362 133 2396 Th.
157 2373 187 2402 ι,
211 2365 291 2406 336.
317 2362 359 2396 C.
375 2374 407 2395 e.
436 2368 520 2404 817.
542 2361 587 2396 D.
609 2373 657 2396 m.
685 2374 719 2401 2.
743 2372 848 2408 1530.
861 2374 893 2397 e.
912 2362 982 2409 sq..
1009 2362 1071 2398 ubi
1091 2367 1130 2400 οὐ
1148 2370 1218 2409 γὰρ
1236 2370 1328 2403 ἀλλὰ
1348 2380 1427 2403 non
1449 2370 1498 2405 est
1511 2383 1574 2418 pat

60 2409 114 2447 illi
132 2409 238 2456 supra
254 2409 332 2446 ἀλλ’
350 2412 387 2446 οὗ
404 2414 494 2456 γὰρ,
520 2421 602 2446 tum
621 2411 662 2447 L.
685 2411 770 2447 Ern.
805 2415 870 2451 »ἃμ
891 2426 927 2454 γ.
945 2413 1052 2459 quin,
1082 2413 1228 2449 Philox.
1246 2413 1300 2463 ast
1319 2418 1441 2452 enim“
1468 2420 1574 2467 quod

58 2459 140 2496 Lat.
161 2470 241 2494 non
261 2469 451 2506 comparet
469 2471 525 2504 ap.
550 2459 598 2495 G.
618 2459 692 2495 Th.
711 2469 750 2496 et
768 2460 863 2496 Hor.
885 2461 951 2501 T„
979 2473 1090 2508 porro
1108 2475 1128 2497 e
1145 2464 1237 2500 Bud.
1258 2476 1412 2512 quoque
1432 2467 1514 2504 via.
1536 2482 1572 2516 p.

58 2516 141 2550 458-
165 2520 213 2541 m.
233 2508 346 2543 Nr.6.
370 2518 453 2544 cum
472 2509 522 2544 N.
543 2509 694 2557 Hoog.,
721 2509 786 2556 qui
815 2507 939 2546 reddit
961 2510 1038 2545 Lat.
1065 2513 1194 2558 atqui,
1231 2524 1271 2549 et
1299 2513 1436 2552 deinde
1465 2501 1574 2564 siiper

58 2554 122 2591 ista
143 2557 319 2603 particula
338 2555 496 2599 disserit,
521 2567 566 2594 ut
585 2557 623 2593 in
645 2558 719 2605 Op.
742 2571 778 2605 p.
797 2557 939 2606 18.sqq.
955 2585 965 2600 ,
1001 2570 1044 2595 ut
1059 2561 1194 2607 cuique
1211 2562 1292 2598 voci
1312 2562 1410 2600 suam
1433 2566 1573 2605 tribuat

58 2604 134 2640 vim
151 2628 160 2644 ,
187 2617 390 2651 praeeunte
409 2606 689 2652 quodammodo
708 2608 805 2645 Dev.
825 2619 859 2653 p.
878 2608 1048 2656 18.sqq.‚
1075 2609 1140 2656 qui
1165 2611 1290 2659 etipse
1308 2610 1423 2654 haulit
1436 2616 1572 2660 elzud„

58 2663 100 2690 et
109 2659 178 2700 γὰρ
193 2664 298 2700 putat
311 2654 460 2690 reddere
475 2655 614 2690 causam
629 2654 804 2703 aliquam,
830 2668 867 2693 at
888 2669 923 2703 p.
938 2669 994 2692 20.
1009 2669 1055 2692 m.
1087 2663 1184 2703 »γὰρ
1201 2663 1276 2697 ἀντὶ
1295 2664 1357 2699 τοῦ
1370 2660 1486 2707 zyma
1509 2666 1571 2703 sed

152 2707 190 2747 4)
216 2708 284 2749 γὰρ
303 2703 364 2738 hic
385 2704 589 2740 redundare
616 2715 772 2751 putant,
806 2716 953 2751 praeter
968 2707 1094 2753 Hoog.
1123 2708 1168 2742 ad
1189 2708 1273 2757 Vig.
1293 2723 1327 2758 p.
1348 2724 1429 2756 45⁹·
1449 2714 1485 2748 b.
1507 2727 1572 2755 m..

54 2761 210 2800 quoque
231 2756 276 2788 ad
295 2751 402 2790 Arist.
415 2753 510 2789 Plut.
527 2765 562 2789 v.
576 2765 683 2800 2425.
709 2753 786 2792 ἀλλ’
799 2757 856 2792 οὐκ
867 2751 944 2800 ἔχει
961 2760 1031 2805 γὰρ
1045 2759 1170 2804 δᾷδας»
1198 2768 1235 2794 at
1247 2770 1314 2796 non
1327 2761 1439 2809 gestat
1449 2763 1572 2809 faces,
