1798 3163
206 199 207 204 =
247 175 338 220 166
424 174 643 228 LIBERI.
689 175 810 222 CAP.
830 178 878 220 V.
917 177 967 220 A.
988 177 1042 221 V.
1062 175 1108 221 C.
1130 189 1237 234 933.
1282 177 1419 222 CHR.
1440 178 1503 222 N.
1530 183 1636 229 180.

235 287 480 353 ae,‚‘Pco5u.aec'a›v
495 288 969 359 οἱςχνὶνμέχςιςᾩκεοι-
1003 295 1221 361 imperium
1261 311 1386 363 usque
1427 291 1489 343 ad
1523 295 1736 345 Oceanum

242 435 310 472 'ubi
329 434 406 472 fine
425 437 557 484 explic.
579 437 630 474 est
647 437 805 474 formula
824 436 902 485 syn.
924 439 1047 474 bellum
1064 439 1198 481 delere,
1225 439 1287 485 (cf.
1308 437 1384 476 Cic.
1404 437 1451 475 de
1470 437 1576 475 amic.
1597 453 1629 476 c.
1644 447 1673 486 3.
1687 452 1737 477 m.

244 495 328 520 cum
351 486 466 522 Corn.
487 487 534 523 N.
558 499 591 530 7,
612 496 645 528 8,
666 491 701 521 6.
720 500 751 522 e.
765 511 774 527 ,
802 487 862 522 ubi
886 486 964 522 Bos.
982 487 1021 524 in
1031 489 1079 524 N.
1100 488 1258 536 exponit
1278 489 1471 536 conficere,)
1489 487 1551 524 sed
1561 488 1598 523 in
1611 501 1646 523 v.
1657 489 1736 524 bell.

246 544 329 577 599,
351 546 408 577 29.
433 534 635 582 „reliquiae
655 537 753 576 belli,
779 535 960 583 quidquid
979 536 1059 583 post
1077 537 1214 573 bellurn
1233 540 1416 585 peractum
1434 537 1590 583 superest
1605 547 1644 572 et
1654 548 1737 572 non

244 592 369 618 totum
389 585 521 629 periit,
548 584 612 618 Sil.
641 595 693 627 ¹5·
719 596 800 629 541.
819 586 962 631 miseras
980 598 1222 633 quaerentem
1246 599 1397 622 exurere
1424 585 1511 621 belli
1541 586 1737 633 reliqut'as“

245 631 311 668 ubi
330 631 391 673 sit=
416 632 586 668 fortunas
606 643 645 668 et
665 633 796 674 urbes,
831 646 926 681 quae
946 635 1064 671 adhuc
1083 635 1249 682 reliquae
1267 636 1375 676 sunt,
1403 635 1580 670 incendio
1603 634 1737 670 vastare

245 689 286 715 et
306 680 513 721 absumere,
541 681 666 721 aliter,
694 693 805 729 quam
824 682 907 723 hic,
934 684 996 720 ubi
1016 684 1087 724 est,
1110 683 1229 729 ipsum
1248 685 1406 724 bellurn,
1427 683 1528 731 quod
1547 683 1666 718 adhuc
1680 695 1739 719 re-

242 726 391 776 liquum
413 728 481 781 egle,
502 729 527 765 i.
550 742 581 766 e.
599 729 745 766 hostiles
769 731 954 778 impetus,
990 731 1243 774 incurfiones,
1275 734 1444 780 rapinas,
1483 732 1571 773 rel„
1605 731 1737 777 oppri-

246 789 348 813 mere
367 790 406 812 ac
427 777 554 816 linire,
590 779 627 814 ir.
651 779 787 822 hostes,
831 780 894 827 qui
914 780 1082 818 nondum
1101 780 1210 823 vicli,
1243 781 1362 817 adhuc
1385 782 1558 821 vincere,
1596 791 1737 826 eosque

247 835 312 861 aut
336 838 488 867 necare,
523 838 587 862 aut
616 827 675 864 libi
698 828 898 869 subiicere,
938 840 1004 865 aut
1027 834 1156 876 rugare
1183 841 1221 866 et
1250 831 1430 874 repellere
1456 829 1496 864 in
1523 829 1625 864 sedes
1644 827 1739 869 suas,

245 885 310 909 aut
330 874 474 914 facere,
512 886 556 911 ut
576 876 767 922 quiescant
785 890 824 914 et
850 891 869 913 a
893 878 989 915 bello
1009 878 1198 917 delistant3
1238 890 1313 923 quo
1340 878 1443 915 sensu
1470 877 1552 914 lust.
1576 890 1633 917 22,
1653 886 1688 917 8,
1705 880 1740 912 6.

245 922 336 969 dum
359 924 439 959 belli
456 923 634 972 reliquiae
650 935 896 974 peraguntur,
933 926 998 963 ubi
1023 927 1117 962 male
1144 926 1278 963 Scheff.
1301 926 1436 969 „nimis
1458 926 1548 961 mihi
1572 925 1740 961 insolens

243 971 334 1007 haec
351 972 496 1008 locutio
515 974 674 1010 videtur.
726 976 874 1012 Mallem
893 977 975 1013 belli
991 976 1135 1024 reliqua
1153 982 1304 1023 perag.“
1329 976 1433 1023 quod
1451 975 1535 1011 sane
1555 975 1665 1010 etiam
1684 973 1739 1009 dr.

245 1023 304 1063 (et
321 1020 398 1068 syn.
420 1021 469 1057 est
486 1021 616 1058 nostris
647 1023 751 1059 subst.
775 1025 942 1067 duobus,
978 1038 1045 1071 pro
1073 1023 1145 1059 adi.
1169 1035 1207 1060 et
1225 1024 1345 1070 subst.)
1376 1036 1441 1071 per
1466 1021 1608 1069 ellipfin
1634 1022 1740 1059 subst-

244 1070 410 1117 negotia,
437 1082 476 1107 et
494 1083 560 1118 pro
584 1072 721 1108 bellum
738 1074 923 1119 reliquum
937 1098 947 1114 ,
971 1074 993 1109 s.
1017 1074 1156 1119 reliqua
1174 1073 1262 1109 belli
1283 1085 1384 1120 pars,
1419 1071 1568 1115 (nobis,
1591 1070 1739 1107 mansu·
1776 1081 1779 1121 ζ

244 1117 294 1153 ris
315 1117 355 1154 in
375 1130 485 1168 tropo
497 1145 508 1161 ‚
533 1122 599 1155 den
622 1122 702 1157 Rest
720 1124 778 1157 des·
795 1122 948 1171 Krieges
967 1123 1079 1170 tilgen
1091 1147 1102 1161 ,
1131 1122 1154 1158 s.
1168 1123 1374 1170 vertilgem)
1394 1121 1442 1158 cf.
1461 1123 1539 1156 lnd.
1551 1119 1628 1155 Liv.
1641 1120 1740 1169 Egn„

245 1167 324 1212 (ubi
346 1171 403 1208 26,
430 1180 460 1204 1.
477 1181 525 1208 m,
545 1170 590 1203 V.
610 1172 646 1204 L.
675 1171 845 1218 reliquias
861 1183 1013 1212 contra,
1056 1183 1122 1218 pro
1144 1181 1266 1207 textus
1293 1172 1434 1219 reliqua
1457 1169 1541 1206 belli
1559 1170 1742 1216 perficere,

243 1216 420 1264 e'gloss'a‚)
440 1217 482 1254 it.
501 1231 538 1264 9,
562 1230 617 1266 29.
636 1218 659 1254 i.
679 1219 762 1255 lust.
778 1233 835 1262 22,
855 1229 888 1262 8,
909 1233 984 1264 15„
1009 1220 1072 1256 ubi
1095 1219 1229 1255 Scheff.
1245 1219 1339 1256 nihil
1357 1230 1506 1259 movet,
1531 1219 1588 1267 .G·
1610 1218 1683 1253 Th.
1705 1230 1742 1254 v.

245 1266 373 1312 reliq.,
402 1264 479 1302 fine
501 1269 566 1304 Gr.
584 1279 623 1304 et
643 1268 771 1314 explic.
786 1292 798 1309 ,
835 1280 920 1315 140,
944 1280 1001 1315 53.
1030 1282 1050 1305 e
1070 1269 1164 1304 Vell.
1187 1270 1224 1304 P.
1244 1281 1278 1309 2,
1302 1280 1354 1311 17.
1376 1268 1421 1309 i.‚
1454 1278 1493 1303 et
1519 1267 1595 1314 ipse
1615 1265 1740 1313 Capit.

245 1313 283 1348 in
305 1315 431 1351 Marco
452 1327 481 1350 c.
506 1325 556 1353 28.
592 1330 627 1363 p.
643 1327 723 1363 397.
759 1330 861 1366 quum
879 1328 1070 1365 aegrotare
1100 1316 1275 1366 coepfflt‚
1303 1318 1421 1366 filium
1440 1316 1654 1354 advocavit,
1682 1324 1741 1350 at·

246 1374 310 1408 que
325 1364 370 1398 ab
389 1377 426 1399 eo
440 1365 591 1412 primum
611 1366 718 1413 petiit
731 1389 742 1406 ‚
778 1377 822 1402 ut
841 1367 921 1402 belli
940 1365 1113 1414 reliquias
1131 1379 1200 1402 non
1222 1375 1484 1402 contemneret
1496 1387 1507 1403 ,
1542 1376 1586 1398 ne-
1602 1364 1743 1399 videre-

243 1423 308 1447 tur
326 1422 432 1460 remp.
450 1415 599 1460 prodere
612 1439 622 1456 ,
657 1416 721 1450 rel.
735 1439 746 1456 ,
781 1415 826 1451 ad
845 1414 896 1463 sq.
917 1433 953 1460 μ.
972 1433 1010 1452 π.
1031 1415 1121 1460 ᾰμόρ.
1138 1414 1234 1451 nihil
1256 1416 1455 1460 praebente
1475 1413 1520 1448 G.
1540 1412 1636 1453 Th„
1669 1422 1742 1448 nec

244 1459 412 1497 severum
431 1476 506 1498 cum
519 1463 655 1499 summa
664 1465 892 1510 fortitudine
904 1464 928 1502 s.
943 1466 1082 1501 virtute
1095 1488 1105 1504 ‚
1140 1475 1211 1499 nec
1229 1463 1321 1499 illud
1337 1466 1397 1511 Bg.
1411 1474 1476 1510 per
1495 1461 1564 1499 abl.
1585 1461 1742 1501 nudum,

245 1509 346 1555 quod
365 1512 517 1558 propius
530 1537 541 1553 ‚
573 1524 684 1560 quam
703 1513 782 1550 adv.
803 1515 860 1555 P..
887 1525 963 1561 quo
985 1512 1132 1560 respicit
1150 1513 1234 1548 Sch.
1250 1511 1290 1548 in
1305 1523 1430 1560 praep.
1443 1536 1454 1552 ,
1482 1510 1556 1548 fine
1568 1511 1654 1553 Vs.,
1677 1522 1742 1557 per

243 1557 366 1607 legem
388 1561 432 1595 ad
455 1573 485 1602 1,
510 1574 541 1603 1,
560 1575 592 1606 4.
615 1575 664 1598 m.

294 1623 356 1665 τιὶν
371 1624 487 1670 Ῥωμ.)
517 1627 675 1663 Oceanus
694 1627 730 1662 h.
751 1628 774 1664 1.
793 1627 868 1664 fine
889 1626 1004 1664 dubio
1022 1629 1090 1663 Oc.
1110 1625 1430 1672 septentrionalis,
1459 1637 1572 1672 quem
1593 1634 1633 1660 et
1647 1623 1747 1659 Tac.

245 1671 287 1708 in
305 1673 433 1709 Germ.
457 1687 487 1712 c.
514 1688 543 1711 1.
565 1675 777 1724 simpliciter
799 1680 972 1713 Oceanum
991 1675 1155 1712 vocavit.
1213 1674 1288 1711 Hic
1306 1675 1360 1709 dr.
1371 1685 1410 1710 et
1430 1673 1744 1717 Germaniae-linus

245 1733 276 1755 C·
300 1730 355 1767 37·
377 1722 439 1767 (L.
466 1724 530 1760 ubi
551 1736 675 1762 tamen
700 1727 743 1761 V.
763 1727 944 1771 L.s1'tum)
972 1726 1016 1761 ab
1048 1724 1179 1760 eodem
1200 1724 1290 1759 Tac.
1321 1733 1361 1759 et
1378 1723 1560 1758 Suevicum
1586 1733 1685 1756 mare
1710 1733 1741 1756 c.

243 1782 304 1813 45.
333 1781 372 1806 et
404 1772 649 1810 Germanicum
677 1787 776 1810 mare
801 1785 841 1810 et
873 1777 1031 1810 Codanus
1046 1774 1150 1820 finus
1176 1771 1268 1809 Plin.
1289 1786 1325 1817 4,
1348 1782 1403 1817 13.
1432 1771 1661 1807 Germanicus
1680 1771 1745 1804 Oc.
1773 1794 1777 1798 »

244 1819 402 1855 Ptolem.
418 1834 448 1862 2,
474 1834 526 1858 ιι.
561 1824 850 1868 Venedicusstnus
872 1823 992 1860 eidem
1014 1822 1036 1857 Γ.
1059 1831 1090 1862 8.
1141 1824 1271 1869 Qum
1290 1819 1534 1862 vetustiffimis
1546 1819 1652 1854 Rom.
1674 1819 1743 1873 (ᾖε.

245 1879 320 1914 que
349 1869 588 1916 scriptoribus
616 1873 677 1908 hic
703 1874 774 1908 Oc.
804 1872 913 1918 plane
940 1870 1093 1919 ignotus
1110 1870 1216 1905 ess'et:
1261 1867 1398 1905 fartum
1416 1869 1486 1909 est,
1520 1880 1564 1904 ut
1589 1878 1746 1903 nomine
1773 1882 1776 1889 ’

245 1919 380 1953 Oceani
406 1932 502 1956 mare
518 1921 748 1958 Atlanticum
779 1920 859 1958 fere
888 1920 1147 1969 designaretur.
1168 1937 1204 1946 ·-
1238 1919 1322 1954 Hoc
1347 1929 1448 1964 patet
1474 1916 1585 1954 etiam
1607 1929 1651 1952 ex
1667 1917 1746 1952 He·
1772 1939 1775 1945 -

244 1967 339 2002 rodi.
365 1979 395 2007 ῐ,
418 1971 454 2009 6,
479 1974 532 2005 16.
564 1979 619 2007 καὶ
645 1975 704 2010 τῆν
730 1967 795 2007 tiz-<3
821 1972 867 2014 ⁷33
892 1966 1004 2016 ἄρκτῳ
1034 1969 1145 2014 &fxvj-v
1164 1966 1490 2013 Ὠκεανῷὅςίσαπι-
1545 1967 1746 2020 caete-rum
1774 1994 1775 1998 ,

245 2015 305 2050 hic
334 2017 564 2055 Commodus
591 2019 711 2055 multo
740 2018 937 2055 modestior
963 2017 1116 2065 reliquis
1146 2017 1253 2053 Rom.
1283 2014 1535 2062 scriptoribus.
1592 2016 1745 2069 Fatetur

244 2064 346 2100 enim
372 2064 428 2101 his
455 2068 596 2110 verbis,
635 2067 806 2104 nondum
834 2067 904 2104 effe
937 2077 1062 2103 totum
1096 2066 1224 2101 orbem
1253 2066 1527 2104 Romanorum,
1564 2074 1608 2099 ut
1637 2063 1751 2099 multt

244 2125 309 2160 per
328 2114 578 2153 adulationem
595 2115 767 2163 scripsere
779 2141 790 2158 ,
817 2130 848 2153 e.
863 2127 896 2163 g.
911 2115 1025 2153 Rutil.
1046 2127 1077 2157 ι,
1103 2127 1157 2158 ςς.
1177 2113 1322 2149 Aristid.
1338 2116 1404 2150 Or.
1422 2114 1462 2148 in
1475 2113 1578 2148 Rom.
1592 2113 1761 2148 Petron..

246 2163 374 2198 Orbem
394 2165 464 2199 iam
491 2176 602 2201 totum
628 2166 746 2202 villar
762 2167 933 2202 Romanus
955 2166 1125 2205 habebat,
1166 2161 1249 2212 ‚Qua
1273 2175 1394 2204 mare,
1427 2175 1496 2209 qua
1514 2163 1639 2204 tellus,
1675 2172 1748 2209 qua
1772 2184 1775 2189 -

234 2211 334 2259 fidus
354 2215 471 2249 currit
488 2226 697 2263 utrumque,
724 2227 759 2250 v.
778 2219 895 2263 lnttp.
918 2215 962 2250 ad
979 2213 1064 2250 Rut.
1082 2214 1107 2249 l.
1127 2213 1151 2249 l.
1180 2211 1294 2247 Leisn.
1745 2222 1747 2224 ·

343 2295 402 2330 De
430 2307 469 2331 re
494 2307 534 2330 ac
561 2294 698 2333 finibus
726 2296 750 2333 s.
771 2294 953 2332 limitibus
982 2293 1130 2341 imperii
1151 2293 1307 2330 Romani
1325 2305 1360 2332 v.
1379 2293 1488 2337 Exc..
1522 2301 1565 2327 ut
1589 2302 1620 2332 r,
1649 2302 1680 2333 r,
1711 2299 1747 2332 8.

244 2340 303 2382 mlv
321 2341 363 2380 Ῥ.
384 2343 418 2378 αἱ.
432 2369 442 2385 ,
475 2353 584 2392 quam
605 2345 724 2393 capias
745 2346 805 2382 hic
826 2345 872 2379 de
890 2343 1070 2390 potestate
1088 2341 1348 2390 (Herrfi-haft,)
1369 2352 1436 2379 aut
1453 2339 1590 2377 finibus
1611 2350 1649 2376 et
1675 2350 1748 2378 ter-

244 2390 294 2424 ris
316 2403 398 2427 cum
418 2395 475 2434 P.,
511 2405 656 2441 praeter
675 2395 781 2431 cuius
799 2396 875 2430 Lat.
902 2393 946 2428 ad
968 2404 1002 2427 v.
1021 2408 1100 2439 erg„
1144 2391 1253 2428 habet
1281 2391 1366 2427 Sch.
1397 2389 1689 2438 „pradum-itis.
1716 2388 1748 2425 s.

243 2442 481 2477 extenderitis
507 2444 689 2479 terminos
716 2441 861 2489 imperii
887 2442 938 2477 ad
959 2442 1029 2477 Oc.
1056 2446 1190 2488 ιιςᾳιιε(ι
1224 2452 1262 2476 at
1284 2441 1365 2487 Stp.
1391 2439 1488 2476 nihil
1514 2437 1648 2479 fimile,
1682 2436 1747 2474 sed

242 2487 323 2522 lnd.
349 2490 467 2525 Thuc.
499 2496 735 2538 „xqooeyoeyetv
751 2491 812 2535 ersi-1
828 2486 926 2528 πᾶλιν
940 2514 950 2530 ,
984 2502 1101 2537 remp.
1124 2490 1364 2538 amplificare“
1389 2499 1474 2524 cum
1493 2490 1556 2536 νβ.
1573 2487 1616 2522 ad
1639 2486 1751 2540 latus,

244 2535 286 2571 it.
311 2538 416 2573 Dem.
439 2543 565 2585 p.627.
584 2553 616 2576 e.
645 2542 711 2578 Nr.
735 2544 770 2584 2)
808 2540 1046 2589 „producet-e,
1081 2550 1124 2574 ut
1142 2538 1358 2580 maceriam,
1393 2537 1548 2574 ulterius
1578 2535 1616 2570 in
1647 2547 1748 2571 viam

244 2586 368 2631 publ.‘·
396 2588 498 2632 quod
520 2591 597 2626 Lat.
616 2589 779 2627 severum
802 2588 977 2637 quidem,
1011 2599 1049 2624 at
1066 2599 1143 2623 non
1164 2587 1215 2622 ita
1235 2587 1409 2627 solenne,
1451 2597 1560 2633 quam
1586 2584 1651 2639 rel.
1666 2585 1750 2620 Lat.

246 2635 379 2682 lntrp..
419 2635 466 2671 cf.
487 2638 534 2674 G.
565 2638 635 2674 Th.
659 2652 691 2674 v.
709 2650 916 2688 promovere
940 2649 1042 2679 ¹¹14»
1067 2648 1123 2679 9²-
1150 2647 1189 2672 et
1215 2649 1250 2672 v.
1272 2638 1393 2683 imper.
1418 2646 1522 2674 1000.
1544 2646 1576 2669 e.
1603 2645 1644 2668 it.
1662 2642 1750 2681 ρνοο,

233 2682 346 2727 ferre
367 2685 432 2720 ΝΥ.
454 2699 488 2730 4.
519 2698 602 2722 cum
623 2689 698 2724 lnd.
723 2687 805 2724 lust.
829 2698 867 2722 et
891 2686 983 2722 l'lin.
1003 2685 1090 2722 Pan.
1108 2697 1163 2730 54,
1185 2699 1219 2730 4.
1239 2698 1307 2726 m.,
1346 2695 1499 2731 tropum
1523 2682 1756 2737 nostratibus.

245 2743 321 2766 non
364 2735 605 2778 tenentibus,
642 2734 709 2773 nisi
742 2737 843 2773 forte
875 2735 916 2771 in
943 2735 1072 2771 hinaus
1101 2735 1128 2772 s.
1154 2732 1377 2777 vorrjackem
1407 2745 1486 2780 .pr0
1515 2731 1660 2769 solenni
1688 2741 1750 2767 er-

247 2791 412 2820 'wa-nera.
