1829 3173
655 127 1110 175 PRAEFATIOx
1176 170 1178 174 ,
1547 142 1633 174 vn

123 249 180 296 ris
201 243 397 305 Coburgi
418 238 644 289 Clariffimi
662 257 712 286 ac
733 239 998 293 Dossiffimi,
1030 239 1099 284 cui
1117 237 1192 283 hic
1212 234 1457 301 propterea
1474 239 1634 298 gratias

122 318 208 363 iam
234 313 493 378 praemitto,
528 309 629 355 alias
658 320 704 354 et
729 307 903 354 asturus
928 308 1034 353 olim
1062 307 1109 351 in
1131 305 1347 352 Codicum
1377 304 1634 353 nostrorum

120 379 307 429 historia.
377 376 603 425 Postremo
623 378 894 422 Varietatem
919 372 1183 421 Leffionum
1202 375 1320 420 tertii
1342 373 1517 420 Codicis
1536 371 1634 420 Vin-

121 451 377 513 dobonerfis,
411 446 462 493 ab
489 444 648 491 Illustri
678 445 857 491 Locella
886 443 1035 490 collati
1065 441 1117 487 ad
1147 440 1390 488 editionem
1423 439 1630 488 duodeci-

120 534 221 564 mae
237 516 430 570 formae,
466 530 582 578 quae
600 514 718 575 typis
746 510 938 576 expressa
966 509 1027 557 est
1045 511 1189 556 Halae
1205 513 1430 557 Saxonum
1458 512 1634 574 impen-

120 583 173 631 fis
195 581 577 647 orphanotrophei
595 598 712 626 anno
740 595 886 641 1759,
928 578 1171 644 publicavit
1201 578 1432 634 Strothus‚
1475 578 1636 624 litteris

120 669 266 716 nuper
284 661 464 715 ereptus
486 650 711 704 maturius,
743 650 788 694 in
809 647 1108 695 bibliothecae
1128 645 1427 711 philologicae
1446 647 1638 692 volumi-

120 737 178 767 ne
203 721 368 783 primo,
405 717 477 764 sed
497 735 579 782 per
597 718 805 782 pauciora
825 715 984 771 adhuc,
1013 731 1145 780 quam
1165 731 1190 760 e
1208 717 1386 762 Veneto
1407 713 1502 761 data
1521 714 1637 772 sunt,

119 790 346 850 Excerpta.

254 860 437 902 Horum
466 851 684 899 librorum
712 854 966 898 varietatem
994 868 1045 897 ac
1063 852 1305 900 novitatem
1325 851 1373 896 in
1394 850 1507 896 locis
1537 850 1633 912 qui⁶

118 923 306 971 busdam
327 923 488 969 Graeci
506 931 650 966 textus
672 921 800 966 nolui
830 936 915 979 ego
945 919 1125 981 quidem
1154 935 1414 981 proponere
1442 928 1487 963 et
1516 914 1634 981 quafi

75 1000 93 1005 ”
122 991 355 1039 effundere
376 989 536 1034 nudam
558 987 887 1050 desertamque,
919 986 991 1032 sed
1021 988 1209 1033 maxime
1238 986 1368 1051 super
1393 983 1635 1031 Codicibus

122 1059 262 1106 tribus
292 1056 504 1103 iudicium
534 1055 617 1100 feci
645 1057 690 1100 in
720 1056 878 1109 Notis,
925 1053 1177 1118 probabiles
1206 1071 1287 1118 per
1317 1053 1458 1099 causas
1489 1051 1633 1099 osten-

123 1126 282 1180 dendo,
313 1120 768 1169 undelestioistorum
779 1134 888 1179 orta,
921 1133 965 1168 et
975 1123 1244 1186 plerumque
1257 1120 1430 1168 nihil-ab
1444 1122 1493 1167 iis
1506 1119 1634 1167 affer-

119 1195 154 1239 ri
177 1191 312 1245 aliud,
350 1209 480 1255 quam
503 1187 684 1251 glossas,
722 1209 853 1254 quae,
888 1207 1139 1254 quanquam
1161 1190 1389 1237 interdum
1409 1188 1635 1236 blandien-

119 1272 189 1307 tes
213 1260 375 1324 specie,
409 1270 460 1305 ut
476 1260 711 1306 Strothum
733 1257 841 1305 adeo
863 1258 1084 1322 decipiant
1106 1269 1448 1321 occupentque‚
1482 1268 1635 1303 tamen

119 1330 239 1375 reiici
260 1326 448 1381 debent,
490 1338 535 1372 et
554 1326 776 1372 interdum
799 1326 909 1373 adeo
931 1328 1030 1373 sunt
1049 1327 1320 1379 manifestae,
1356 1338 1407 1372 ut
1427 1325 1482 1372 de
1501 1341 1640 1371 manu

119 1396 397 1444 librariorum
415 1412 640 1459 operaque
661 1395 801 1441 aliena
821 1394 1004 1441 dubitari
1024 1395 1205 1460 prorsus
1217 1405 1424 1458 nequeat,
1454 1411 1504 1439 ac
1525 1393 1637 1440 fides

118 1464 298 1511 illorum
318 1469 428 1511 MSS.
449 1474 494 1509 et
511 1460 743 1509 auffioritas
764 1461 992 1523 insigniter
1023 1466 1247 1510 minuatur
1276 1474 1410 1526 atque
1438 1461 1640 1507 debilite-

121 1543 205 1578 tur.
279 1536 406 1587 Quae
445 1531 623 1595 quidem
659 1549 795 1595 opera
832 1534 878 1577 in
918 1530 1196 1595 explorandis
1235 1527 1639 1594 investigandisque

119 1604 233 1647 Mss.
265 1597 517 1646 nostrorum
550 1598 812 1646 leElionibus
841 1600 1034 1646 multum
1062 1599 1223 1646 laboris
1253 1610 1299 1645 et
1319 1600 1537 1662 temporis
1568 1595 1640 1643 ab·

119 1666 284 1721 sumsit,
327 1678 373 1714 et
400 1666 523 1713 simul
545 1669 692 1732 operis
717 1667 959 1714 editionem
991 1667 1177 1714 tardavit
1205 1665 1552 1731 progressusque
1576 1667 1636 1712 ci-

120 1738 256 1782 tiores
274 1738 319 1780 in
330 1733 557 1783 tratlando
571 1736 782 1800 scriptore
798 1747 931 1799 atque
941 1735 1210 1782 absolvendo
1223 1734 1428 1782 inhibuit.
1483 1733 1567 1786 Sed
1578 1735 1639 1779 ita

122 1801 340 1858 differens,
353 1804 475 1849 volui
498 1814 776 1850 non-tantum
790 1801 978 1858 efficere,
1001 1816 1052 1850 ut
1070 1801 1227 1850 iustum
1250 1803 1306 1849 de
1318 1800 1475 1849 nostris
1494 1800 1636 1849 Codd.

121 1869 382 1915 statueretur
409 1870 461 1915 ab
493 1871 581 1914 aliis
610 1873 825 1933 pretium,
864 1871 1009 1935 (quod
1040 1885 1085 1918 et
1115 1873 1292 1931 longius
1321 1871 1534 1927 faciemus
1563 1869 1639 1915 ali·

124 1935 300 1999 quando
330 1938 373 1981 in
405 1935 608 1997 singulari
639 1938 770 2000 super
797 1938 881 1982 illis
912 1942 1023 1984 Mss.
1054 1939 1381 2003 disputatione,)
1411 1937 1482 1985 sed
1502 1938 1640 1985 etiam

122 2002 230 2050 illud
262 2003 492 2067 consequi,
532 2015 583 2050 ut
612 2007 778 2051 tirones
808 2005 1025 2051 haberent
1055 2009 1308 2072 exemplum
1341 2007 1427 2052 loci
1456 2006 1641 2053 alicuius

119 2072 273 2138 tuendi
294 2070 661 2135 defendendique.
734 2075 934 2120 Omnino
966 2073 1018 2119 ab
1049 2075 1181 2120 huius
1213 2075 1369 2121 saeculi
1392 2090 1519 2120 more
1551 2072 1642 2121 abi-

121 2157 220 2186 mus
235 2176 245 2195 ,
275 2141 350 2202 qui
372 2141 502 2185 nimis
524 2137 585 2185 est
605 2157 774 2204 pronus
798 2140 852 2185 ad
871 2142 1203 2202 corrigendum,
1239 2153 1284 2189 et
1306 2141 1357 2188 ad
1378 2153 1546 2188 temere
1568 2158 1639 2186 ex·

123 2206 344 2270 cipienda,
379 2224 491 2270 quae
509 2210 619 2255 Mss.
644 2208 948 2272 suppeditant,
997 2211 1237 2274 legemque
1266 2211 1480 2256 sanximus
1509 2209 1640 2256 nobis

124 2275 237 2321 hanc
256 2277 534 2339 praecipuam
550 2312 560 2330 ,
594 2288 645 2323 ut
665 2277 814 2323 locum
837 2277 1142 2326 adiuvaremus
1166 2280 1290 2343 prius
1313 2295 1364 2324 ac
1393 2279 1543 2342 potius
1573 2278 1638 2324 iu-

124 2342 436 2405 terpretando,
482 2361 616 2409 quarn
638 2343 930 2392 emendando.

260 2403 328 2456 Ad
349 2428 480 2474 quarn
501 2413 813 2459 verecundiam
835 2426 879 2461 et
897 2410 1156 2460 modestiam
1175 2415 1429 2477 interpretis
1451 2430 1501 2459 ac
1523 2414 1640 2459 criti-

126 2479 165 2524 ci
188 2476 456 2541 editorisque
477 2483 682 2545 cupimus
703 2493 801 2528 tum
821 2482 1040 2546 respicere
1070 2483 1259 2529 maxime
1289 2483 1393 2538 hos,
1434 2484 1508 2547 qui
1540 2498 1641 2527 cen-

126 2545 245 2592 sores
265 2545 308 2591 se
333 2547 536 2594 editionis
557 2560 692 2612 atque
721 2567 886 2613 operae
915 2548 1089 2597 nostrae
1119 2548 1405 2606 constituant,
1452 2561 1551 2597 tum
1581 2551 1643 2595 iu-

125 2625 356 2661 ventutem
382 2613 551 2676 fingere
585 2629 631 2663 et
665 2616 962 2673 adsuefacere,
995 2635 1073 2674 ne,
1107 2630 1401 2683 properantes
1422 2617 1646 2672 iudicium,

126 2681 325 2747 probent
341 2695 415 2731 aut
431 2685 692 2749 improbent
712 2683 927 2735 leffiones
952 2703 1088 2733 novas
1115 2688 1364 2750 vulgatasve
1385 2705 1432 2735 ac
1460 2698 1646 2733 veteres.
