1798 3163
214 201 400 231 xxxvr
500 186 534 230 I.
568 187 656 230 FR.
688 185 958 231 LEISNERI
992 186 1233 232 PROLVS.
1265 187 1480 232 SCHOL.

212 307 335 332 rerum
352 291 591 332 conversione
608 293 698 329 fana
718 294 807 329 haec
829 293 952 330 omnia
977 294 1033 330 ibi<
1047 292 1155 336 sunt,
1188 294 1252 331 ubi
1271 295 1471 340 imperator
1490 295 1558 338 est,
1585 295 1650 333 etsi
1671 295 1713 332 lit

211 344 259 380 ad
277 344 372 391 ripas
391 341 489 384 Istri,
527 342 590 379 etfi
614 343 656 379 sit
675 345 772 389 apud
794 345 958 380 barbaras
988 355 1140 390 gentes.
1174 345 1288 392 longo
1315 345 1484 379 locorum
1511 343 1711 382 intervallo

213 394 256 429 ab
275 395 364 430 urbe
386 403 570 431 remotas,
604 404 758 439 quarum
779 404 850 428 nec
865 404 1004 427 nomen
1027 392 1146 437 paullo
1170 405 1254 428 ante
1273 393 1438 429 auditum
1460 393 1601 436 fuerat,
1638 406 1711 430 nec

200 441 307 478 *fama
330 444 482 478 Romam
501 453 729 487 pervenerat.
781 440 927 476 Camilli
945 441 1041 487 apud
1055 441 1130 477 Liv.
1143 443 1190 482 V,
1209 454 1263 486 54.
1284 440 1415 488 opinio
1436 440 1570 482 fuerat,
1595 443 1709 480 virtu·

210 501 287 527 tem
302 493 550 527 Romanorum
570 487 721 525 transire
736 488 807 524 alio
828 489 946 534 polse,
983 491 1181 537 Fortunam
1211 498 1310 526 certe
1328 491 1425 526 urbis
1436 491 1574 526 Romae
1592 502 1710 527 trans—

199 538 297 575 ·ferri
318 552 396 575 non
415 539 528 585 poll'e.
580 539 684 573 Haec
701 540 867 573 ‘Fortuna
888 549 959 572 nec
979 548 1149 583 tempore
1167 539 1315 574 Camilli
1338 539 1474 580 Veios,
1499 550 1569 575 nec
1587 537 1710 576 Caesa-

209 589 260 624 ris
277 588 450 630 Troiam,
482 599 545 624 aut
562 585 814 622 Alexandriam
829 610 841 626 ,
870 587 1012 623 traduci
1033 587 1226 624 videbatur
1245 587 1362 633 poss'e:
1396 599 1499 624 nunc
1524 588 1564 623 in
1593 587 1710 624 unum

209 637 471 685 imperatorem
497 635 655 672 tra-duna
686 645 850 678 putatur.
905 637 1026 682 Qam
1049 647 1180 672 verum
1206 649 1293 683 ergo
1314 635 1384 677 est,
1417 636 1573 672 omnino
1594 649 1710 683 remp.

195 699 399 723 vromanam
418 696 642 729 omnemque
662 683 742 718 cius
761 683 1016 720 austeritatem
1035 686 1078 720 ab
1090 685 1243 730 Augusti
1263 685 1458 721 dominatu
1475 685 1711 726 intercidilse,

211 747 252 773 et
271 737 310 772 in
329 735 512 782 quandam
531 732 636 780 regni
665 730 817 767 formam
840 731 1035 775 transiisse,
1067 728 1381 780 imperatoresque
1406 746 1580 770 romanos
1606 745 1710 770 tanta

209 785 389 834 potestate
407 793 599 818 romanum
615 779 813 826 imperium
837 779 977 823 rexfflb,
1009 793 1146 829 quanta
1164 794 1267 830 reges
1285 783 1429 823 solent,
1465 783 1599 830 quibus
1628 781 1710 818 infi-

208 835 288 870 nita
307 833 497 879 nullisque
517 829 699 865 limitibus
729 829 1002 877 circumscripta
1028 830 1184 877 potestas
1215 832 1284 872 est,
1315 842 1534 879 quacunque
1559 831 1708 867 tandem

195 883 354 919 'ratione
382 881 476 916 hanc
501 889 643 914 tantam
671 878 886 924 potestatem
911 878 955 913 in
984 878 1020 914 se
1049 879 1298 920 traduxerint,
1337 880 1406 915 live
1424 880 1593 916 libertate
1611 881 1710 916 labe·

197 931 337 968 {affata
360 943 422 977 per
444 926 539 968 vim.
573 926 646 963 five
668 940 733 974 per
752 928 872 974 legem
893 928 1051 974 regiam,
1084 940 1192 973 quam
1220 927 1397 964 nonnulli
1419 929 1709 965 comminiscun-

203 993 290 1022 -tur,
314 979 386 1015 live
407 978 572 1024 denique
594 989 658 1023 per
675 977 872 1025 potestates
891 977 1088 1023 populares
1102 977 1376 1024 senatoriasque
1395 976 1708 1020 subindesumtas,

200 1042 249 1066 *et
266 1041 328 1076 per
350 1038 561 1074 temporum
583 1026 680 1061 vices
701 1025 890 1071 repetitas.
947 1028 997 1061 Ut
1013 1025 1089 1066 vis,
1124 1037 1166 1061 ut
1185 1027 1342 1073 gravitas
1356 1050 1366 1067 ,
1398 1025 1498 1060 vocis
1515 1038 1533 1060 a
1552 1028 1708 1073 Pompe-

207 1080 295 1116 iano
315 1078 508 1123 usurpatae
536 1074 667 1111 melius
684 1073 882 1115 sentiatur,
915 1087 1003 1123 age,
1039 1086 1290 1121 comparemus
1309 1074 1388 1110 eam
1415 1086 1498 1109 curn
1522 1072 1709 1117 limilibus,

193 1140 304 1176 nquae
324 1123 481 1162 aliorum
502 1137 545 1160 ex
565 1136 629 1160 ore
647 1123 840 1164 exierunt,
868 1125 1045 1162 vocibus.
1072 1135 1241 1170 quaeque
1261 1123 1299 1158 in
1321 1134 1450 1170 magna
1469 1121 1709 1160 limilitudine

207 1173 506 1213 diffimilitudinis
535 1171 675 1220 aliquid
701 1172 832 1208 habere
863 1171 1108 1220 reperientur.
1167 1171 1280 1219 Apud
1304 1172 1573 1217 Alciphronem
1601 1174 1646 1214 11,
1675 1186 1710 1215 4.

191 1227 367 1271 ‘Glycera
395 1223 439 1258 ad
467 1222 712 1258 Menandrum
747 1220 891 1262 scribit,
932 1222 983 1256 ibi
1011 1221 1170 1256 Athenas
1202 1222 1284 1270 eſjb,
1326 1222 1386 1256 ubi
1416 1221 1616 1256 Menander
1648 1220 1708 1269 (sl.

193 1276 330 1312 Habes
359 1284 490 1308 vocem
518 1270 657 1306 amicae
687 1270 845 1306 amicum
877 1270 1040 1316 impense
1068 1269 1246 1310 colentis,
1279 1269 1435 1316 eiusque
1455 1270 1708 1306 eruditionem

194 1322 504 1372 ‘elegantiamque
522 1317 753 1355 admirantis!
788 1319 947 1355 Marti-al.
968 1320 1012 1360 X,
1027 1331 1082 1367 ,²0-
1106 1319 1150 1353 ad
1172 1319 1361 1354 Manium:
1390 1318 1426 1354 Si
1448 1318 1514 1354 tibi
1535 1331 1639 1354 mens
1652 1331 1708 1354 ea-

204 1372 312 1414 dem,
348 1369 371 1406 fi
391 1369 499 1405 nostri
520 1379 647 1403 mutua
668 1379 752 1403 cura
773 1368 842 1407 est,
877 1369 919 1404 ln
948 1379 1174 1415 quocunque
1205 1369 1289 1403 loco
1311 1369 1424 1403 Roma
1441 1367 1595 1412 [duobus
1624 1365 1708 1403 erit.

204 1423 330 1459 Habes
357 1431 486 1455 vocem
509 1416 673 1454 hominis
699 1416 737 1451 in
763 1417 964 1452 concordia
987 1428 1025 1452 et
1051 1415 1125 1452 fide
1147 1415 1272 1452 linceri
1299 1415 1404 1452 amici
1425 1415 1486 1450 sibi
1514 1416 1706 1461 placentis.

205 1481 246 1506 et
267 1471 306 1506 in
325 1482 366 1505 ea
385 1467 509 1503 omnia
527 1463 721 1512 potientis!
754 1468 884 1501 Brutus
903 1467 946 1502 ad
967 1466 1139 1502 Ciceron.
1158 1479 1216 1512 ep.
1232 1466 1328 1502 ΧΠ.
1355 1464 1443 1500 mihi
1459 1465 1519 1512 effe
1547 1466 1705 1500 iudicabo

206 1520 369 1561 Romam,
407 1516 553 1562 inquit,
590 1515 778 1561 ubicunque
807 1516 951 1550 liberum
974 1513 1038 1561 cjffi’
1067 1514 1195 1550 Iicebit.
1244 1516 1369 1550 Habes
1393 1526 1522 1549 vocem
1551 1514 1708 1550 amantis

205 1580 322 1615 remp.
339 1579 377 1603 et
394 1565 623 1602 libertatem!
667 1565 754 1599 Hoc
775 1566 859 1598 loco
872 1563 1034 1609 denique
1055 1563 1297 1610 Pompeianus
1313 1563 1358 1598 ad
1372 1562 1620 1598 Commodum
1635 1564 1708 1599 Ro-

203 1631 288 1656 mae
316 1614 495 1652 desiderio
514 1624 683 1659 captum..
714 1613 765 1648 ibi
784 1614 914 1651 Roma,
944 1612 1087 1658 inquit,
1124 1614 1183 1648 ubi
1204 1613 1410 1660 imperator.
1463 1613 1517 1647 En
1548 1612 1615 1646 tibi
1642 1623 1708 1646 vo-

191 1680 288 1704 cem
306 1665 416 1701 unius
436 1661 644 1699 dominatui
660 1661 786 1696 omnia
806 1661 1051 1697 suliiicientis!
1096 1662 1276 1696 Similiter
1298 1660 1389 1695 arua
1413 1662 1589 1707 leguntur
1609 1659 1707 1706 apud

205 1717 287 1753 Cic.
310 1713 399 1748 Phil.
420 1714 463 1753 ll,
485 1724 542 1757 44.
569 1710 664 1755 apud
685 1710 814 1745 Vellei.
836 1710 954 1749 11,62.
984 1709 1079 1754 apud
1101 1712 1235 1746 Lucan.
1258 1711 1303 1749 V,
1323 1721 1380 1753 27.
1413 1709 1576 1754 denique
1607 1708 1706 1754 apud

204 1763 366 1803 Martial.
386 1762 528 1802 X21‚2=.
583 1758 722 1794 Videor
740 1758 831 1794 mihi
853 1760 924 1792 hoc
943 1758 1172 1799 consecutus,
1195 1769 1235 1793 ut
1257 1758 1362 1793 facile
1384 1767 1519 1803 pateat,
1548 1769 1589 1792 ut
1605 1758 1707 1804 quis-

206 1827 281 1861 que
299 1809 487 1848 reffiffime
504 1807 642 1845 iudicat
655 1832 666 1848 ,
697 1808 745 1842 ita
763 1807 997 1842 libentiffime
1019 1807 1152 1842 Photio
1175 1806 1483 1851 subscripturum,
1511 1805 1572 1852 qui
1586 1808 1706 1842 Hero-

206 1864 357 1899 dianum
388 1857 512 1895 icribit
542 1862 574 1894 ἐν
602 1861 724 1897 πάσαις
757 1860 834 1896 ταῖς
862 1861 952 1893 κατὰ
987 1862 1044 1898 τὴν
1071 1861 1190 1902 ἴςοςίαν
1219 1859 1356 1902 ἀρεταῖς
1387 1858 1423 1890 οὐ
1459 1863 1591 1893 πολλῶν
1623 1852 1706 1897 εἶναι,
1758 1877 1759 1893 ;

205 1917 370 1956 δεύτερον.
754 1951 762 1958 ·
1112 1952 1119 1958 ·
1569 1951 1577 1958 .
1756 1904 1759 1914 '

298 1960 396 1993 vTam
419 1952 614 1992 excellenti
637 1953 810 1990 historico
831 1965 910 1988 non
930 1952 1091 2000 contigit
1110 1957 1290 1998 interpres
1316 1952 1477 1993 lac—inus,
1513 1964 1576 1996 qur
1602 1962 1705 1988 more
1755 1959 1758 1971 ²

203 2010 468 2058 plerorumque
485 2015 635 2042 eorum,
668 2001 730 2048 qui
754 2012 903 2049 graecos
920 1999 1364 2047 scriptoresjnterpretati
1379 2001 1475 2040 sunt.
1504 2002 1622 2036 verbis
1643 2001 1706 2037 iu—

201 2060 391 2097 haereret,
419 2066 490 2089 nec
510 2054 552 2089 ab
572 2051 726 2087 anaoris
749 2049 905 2098 vestigiis
928 2051 1017 2086 iusto
1036 2050 1186 2084 liberius
1202 2050 1399 2085 recederet.
1453 2050 1581 2090 Quum
1602 2049 1704 2086 enirn

203 2110 277 2145 duo
298 2104 367 2140 sint
389 2100 740 2148 interpretationum
762 2099 823 2135 seu
843 2098 1050 2134 verlionum
1069 2109 1224 2146 genera,
1258 2106 1417 2145 quorum
1437 2097 1475 2133 in
1495 2099 1607 2134 altero
1636 2099 1701 2145 qui

201 2156 238 2194 se
257 2163 452 2191 exercent,
491 2150 529 2195 bi
547 2148 597 2185 ita
618 2149 772 2184 verbum
791 2150 901 2184 verbo
924 2147 1076 2184 reddere
1096 2157 1247 2186 curant,
1275 2157 1337 2188 ut,
1362 2157 1543 2192 quantum
1561 2147 1702 2194 lingua-

201 2217 283 2242 rum
303 2200 488 2236 diverfitas
515 2199 673 2246 patitur,
718 2208 814 2244 pene
832 2197 1027 2232 verborum
1049 2195 1291 2240 versuumque
1319 2193 1488 2230 ordinem
1508 2207 1548 2230 ac
1571 2208 1701 2232 nume.

201 2265 282 2290 rum
301 2251 518 2287 observent3
548 2246 614 2295 qui
633 2248 788 2283 alterum
809 2255 979 2286 tentant,
1017 2244 1053 2280 hi
1078 2243 1298 2280 sententiam
1319 2243 1392 2279 alio
1416 2243 1585 2279 sermone
1610 2244 1700 2281 libe-

200 2303 278 2338 rius
303 2308 516 2345 exponunt,
559 2307 599 2331 et
618 2307 720 2331 nunc
737 2295 918 2341 quaedam
943 2292 1146 2332 mutando,
1181 2304 1282 2328 nunc
1308 2293 1486 2340 quaedam
1511 2292 1698 2336 addendo,

199 2345 456 2397 copiosiusque
476 2356 513 2380 ct
544 2344 762 2385 dilucidius,
798 2354 894 2389 quae
915 2342 1007 2378 dista
1025 2344 1069 2378 ab
1091 2340 1170 2377 aliis
1191 2341 1296 2382 sunt,
1337 2341 1580 2386 explicando,
1616 2354 1699 2378 eva·

198 2407 344 2449 gantur.
399 2398 470 2430 lam
491 2392 512 2428 li
533 2392 761 2432 confideres,
796 2390 869 2427 turi
890 2391 1013 2439 generi
1033 2390 1076 2426 lit
1093 2389 1209 2426 verlio
1232 2389 1433 2426 Herodiani
1451 2402 1697 2427 annumeran-

198 2448 242 2485 da
256 2472 268 2489 ,
300 2457 409 2493 quam
430 2442 560 2490 Angeli
582 2441 754 2477 Politiani
776 2440 971 2477 industriae
994 2439 1188 2475 debemus:
1221 2452 1301 2475 eam
1321 2450 1422 2474 certe
1440 2451 1520 2476 non
1537 2440 1608 2475 effe
1624 2439 1698 2485 pri·

198 2496 250 2533 mi
270 2493 415 2543 generis
433 2489 612 2537 reperias:
654 2490 760 2525 Sitne
786 2488 932 2537 generis
955 2487 1124 2529 secundi,
1158 2499 1253 2533 pene
1274 2488 1433 2525 dubites„
1492 2487 1695 2536 Politianus

195 2546 296 2582 enim
319 2540 383 2579 etli
406 2541 440 2577 sc
465 2538 715 2583 Herodianum
736 2537 774 2574 in
788 2538 943 2574 latinum
963 2537 1171 2573 sermonem
1191 2536 1412 2573 vertendum
1431 2535 1618 2583 suscepisse
1637 2535 1695 2573 di-

195 2593 273 2635 cit,
304 2590 505 2635 seduloque
527 2587 684 2628 curasse,
721 2598 763 2623 ut
784 2587 907 2622 omnia
928 2599 972 2623 ex
994 2584 1063 2622 fide
1081 2584 1367 2632 responderent;
1402 2596 1527 2622 tamen
1547 2585 1693 2634 fugien-

195 2645 245 2680 do
265 2651 415 2676 omnem
436 2636 758 2684 peregrinitatem,
791 2633 971 2683 fugiendo
991 2634 1172 2681 graeculas
1195 2632 1349 2681 figuras,
1379 2645 1590 2681 vocumque
1611 2647 1693 2671 mo·

193 2688 399 2728 rofitatem,
435 2696 473 2721 et
493 2684 590 2732 quali
609 2683 854 2724 anxietatem,
890 2695 931 2720 ut
952 2683 1026 2729 ipse
1045 2683 1234 2730 loquitur,
1269 2682 1589 2729 consestandoque
1607 2683 1691 2719 lati.

184 2739 262 2777 ''nae
282 2735 454 2774 diffionis
478 2732 699 2775 castitatem,
733 2731 1031 2781 perspicuitatem
1051 2743 1089 2769 et
1109 2731 1328 2769 munditiem
1341 2757 1352 2774 .
1375 2729 1529 2775 effecit,
1553 2743 1607 2770 ‘ut
1626 2732 1686 2781 inv·
