1772 3158
4 132 7 161 l

83 121 253 174 LIBER
272 120 306 164 1.
347 118 606 165 CARXHL
648 120 700 163 A.
722 119 779 163 v,
803 117 853 163 c.
880 127 1003 174 943.
1039 117 1410 172 CHR.N.190.
1454 120 1552 171 583

48 234 228 303 πέςεςον
248 231 464 297 μετιόντος
485 246 523 297 0,
553 228 577 287 ii
597 229 783 293 βοισᾼλεῖ
819 238 904 283 tius
916 233 1144 290 trastante,
1160 251 1289 297 quam
1303 236 1560 301 imperatori

49 309 236 380 εώφςοιί
261 306 400 378 ἦςμοζ
402 329 454 357 εν.
819 311 1014 360 modesto
1033 311 1333 359 conveniebat.

138 433 180 474 e)
207 433 278 466 Hoc
294 442 425 470 comma
451 430 516 463 fuit
533 431 636 463 modo
655 430 688 462 in
707 432 747 463 A.
765 441 798 463 et
816 430 851 462 Β.

52 541 126 578 »εἷς
141 553 182 562 —-
201 547 269 582 pro
288 533 431 577 virtute
447 531 588 580 aliquid
612 534 781 574 laudere,
799 549 839 561 -·
859 530 929 577 ὖμν.
952 530 1206 568 adulatoribus
1233 529 1489 567 celebrantibus
1517 541 1559 566 ea

45 594 112 633 pro
129 582 367 622 fortitudinis
388 582 551 629 gloriosis
571 583 761 630 operibus“
789 593 864 630 quo
894 581 933 617 in
954 593 988 617 v.
1009 583 1088 629 Stp.
1109 581 1182 617 Th.
1213 580 1282 620 „in
1310 580 1412 628 prosa
1440 578 1556 626 fimpl.

48 646 117 682 pro
139 631 324 681 praedico,
354 631 514 672 celebro,
541 633 698 674 decanto,
711 652 746 660 -
766 631 888 668 laudo.
941 630 1100 667 Herodi.
1118 631 1140 665 l.
1159 643 1186 665 1.
1204 633 1316 667 τῶν-
1334 629 1436 666 αὐτόν
1454 628 1560 672 ἱμν.“

47 693 134 718 cum
156 683 215 723 R,
239 681 341 718 unde
359 691 399 717 et
415 680 524 725 aliam
545 692 651 718 tenet
667 680 863 718 leffionem
883 680 924 716 in
943 692 1045 728 pron.
1068 678 1318 727 negligenter.
1344 679 1405 715 {ed
1422 679 1560 714 tertius

47 730 172 768 reddit
190 742 239 777 pr.
259 735 305 773 εἰς
331 744 362 771 ι,
389 733 494 774 1156.
516 731 564 767 G.
583 744 613 767 e.
632 731 684 779 sq.
711 731 751 766 in
772 729 893 767 verbis
911 729 1030 767 laudis
1052 728 1077 765 s.
1098 727 1382 775 vituperationis
1403 741 1466 774 per
1479 730 1560 764 Lat·

47 781 110 822 ob,
142 779 192 816 cf.
211 781 303 817 Bud.
325 780 367 816 C.
391 783 497 826 1463,
522 783 579 816 16.
604 781 689 828 vig.
713 792 748 827 p.
775 789 857 825 573.
880 779 905 816 i.
935 781 969 816 L.
995 777 1072 815 Bos.
1093 778 1179 814 Obs.
1203 777 1304 816 Misc.
1328 791 1360 825 p.
1378 788 1434 820 50.
1465 777 1560 813 Abr.

46 830 96 865 ad
111 828 240 867 Aesch.
267 841 297 872 1,
320 832 402 875 663.
421 841 468 865 tn.
499 841 538 866 et
567 830 641 866 Dil.
664 829 737 865 Th.
761 840 891 878 p 795.
915 842 970 870 e.,
1004 827 1055 866 Fi.
1077 827 1120 864 ad
1142 827 1257 863 Wen.
1280 841 1314 875 p.
1331 830 1412 875 364.
1433 827 1479 867 i..
1513 824 1560 862 ad

46 881 136 921 Luc.
168 892 198 921 1,
222 888 303 922 580.
324 879 360 914 b.
384 891 416 919 c.
447 891 481 920 2,
503 891 583 923 502.
604 880 638 916 b.
660 892 691 915 e.
721 880 758 915 L.
777 880 826 916 N.
844 879 889 914 T.
916 878 1034 916 Schw.
1058 890 1092 925 p.
1114 890 1196 923 4¹9-
1216 877 1265 915 N.
1290 892 1316 913 ι.
1346 879 1425 913 lnd.
1446 877 1560 911 Dein.

46 929 173 966 Nr.‘2.
203 928 284 964 Ael.
307 928 355 963 V.
376 928 413 963 h.
438 938 478 964 et
497 930 584 965 Luc.
605 941 639 964 v.
660 942 692 965 e.
707 954 717 971 ,
754 929 850 975 apud
870 939 966 976 quos
992 927 1134 973 semper
1156 926 1234 973 post
1252 931 1297 967 εὶς
1317 926 1366 961 est
1387 925 1489 961 subst.
1511 924 1561 961 de

74 989 183 1014 enere
203 975 343 1024 duplici
365 989 488 1014 rerum
509 977 655 1015 istarum
669 1003 679 1020 ,
706 979 807 1025 quod
827 977 899 1015 h.l.
924 978 1025 1014 secus
1047 976 1116 1017 est,
1145 976 1205 1012 ubi
1225 974 1327 1012 simul
1351 975 1447 1011 aliud
1461 970 1560 1020 ὃὲξαν

46 988 228 1063 {abemus
239 1050 260 1081 ‚.
277 1025 500 1073 capiendum
522 1027 582 1062 vel
605 1040 688 1063 curn
713 1029 747 1063 P.
769 1038 835 1074 pro
849 1028 1029 1074 gloriam,
1056 1026 1115 1060 vel
1134 1037 1219 1062 cum
1241 1027 1324 1109 Βῆ,
1352 1022 1399 1060 cf.
1417 1036 1448 1065 1,
1474 1036 1506 1062 1.
1527 1032 1562 1070 3·

47 1089 103 1118 e..
129 1088 197 1123 per
214 1076 374 1123 aliquam
395 1076 434 1112 in
453 1076 614 1113 dicendo
637 1076 856 1113 brevitatem
871 1100 881 1117 ,
908 1086 952 1112 ut
970 1076 1227 1121 praedicabant
1248 1073 1257 1109 i
1292 1086 1310 1108 a
1325 1082 1390 1121 per
1403 1072 1563 1120 gloriam

46 1138 90 1162 aec
109 1125 260 1161 laudern
273 1125 519 1172 fortitudinis
547 1125 571 1160 s.
592 1126 631 1162 olr
649 1125 802 1173 gloriam
825 1125 1064 1170 fortitudinis
1081 1121 1146 1165 sit,
1179 1121 1264 1170 quia
1282 1122 1307 1159 s.
1325 1123 1423 1169 quasi
1451 1122 1565 1157 habe-

48 1185 134 1211 rent
154 1172 404 1221 afferrentque
426 1174 570 1210 laudem
589 1186 629 1211 et
649 1174 783 1210 famam
807 1172 1064 1216 fortitudinis,
1093 1172 1153 1210 sed
1168 1173 1424 1219 praedicabant
1443 1170 1504 1207 ista
1521 1170 1562 1205 in

47 1221 481 1270 specicm'fortitudinis,
510 1222 533 1259 i.
551 1235 587 1271 q.
608 1236 669 1271 per
688 1222 847 1270 speciem
860 1247 870 1263 ‚
898 1222 962 1259 sub
980 1221 1102 1270 specie
1115 1248 1125 1265 ,
1159 1222 1244 1268 quia
1262 1221 1420 1268 speciem
1451 1219 1564 1256 habe-

47 1282 133 1309 rent
151 1270 407 1313 fortitudinis,
433 1283 608 1319 tanquam
629 1285 693 1318 per
713 1271 798 1308 talia
816 1283 1044 1311 cerneretur.
1071 1270 1367 1316 cognosceretur,
1393 1268 1564 1311 ostende-

47 1332 149 1358 retur
168 1320 357 1358 fortitudo
378 1322 582 1369 quaedam,
608 1321 648 1359 in
670 1321 960 1358 contemnendis
982 1319 1255 1369 subeundisque
1280 1319 1450 1366 periculis
1465 1345 1474 1360 ‚
1509 1319 1564 1354 la-

47 1369 200 1407 boribus
218 1382 259 1406 ac
280 1369 476 1409 molestiis.
503 1371 543 1407 in
562 1371 766 1409 exserendo
785 1371 910 1407 animo
929 1371 1118 1417 intrepido
1138 1380 1177 1407 et
1192 1368 1406 1406 declaranda
1427 1366 1564 1406 laboris

49 1419 252 1468 patientia;
280 1429 359 1456 non
382 1419 600 1468 proferente
620 1422 666 1463 G.
688 1421 761 1458 Th.
783 1419 937 1457 similem
956 1420 1154 1463 formulam
1172 1430 1290 1456 totam
1309 1431 1374 1466 per
1394 1418 1453 1455 illa
1479 1416 1586 1464 Stp.'
1631 1425 1633 1427 ’

47 1470 125 1507 Lat.
145 1470 277 1512 verba,
311 1469 372 1505 sed
402 1470 515 1505 modo
537 1473 600 1519 Eg.
627 1472 664 1507 in
683 1470 831 1520 speciem
855 1470 878 1506 s.
892 1481 959 1520 per
969 1468 1119 1519 speciem
1137 1481 1218 1506 cum
1241 1480 1347 1518 gem,
1384 1468 1423 1504 in
1452 1465 1561 1504 subst.

0 1563 1 1569 ,
47 1519 119 1554 hoc
142 1524 221 1562 508,
247 1529 328 1557 100.
349 1518 450 1576 sqq„
485 1532 566 1557 tum
595 1531 700 1561 1022,
723 1524 779 1567 36.
805 1519 863 1556 ista
886 1532 1064 1568 nunquam
1090 1519 1130 1556 in
1150 1520 1309 1568 culpam,
1343 1517 1465 1554 sedin
1485 1517 1564 1562 lau-

48 1566 135 1611 dern
150 1569 342 1611 dicuntur,
377 1582 416 1605 m
437 1581 559 1616 praep.
579 1570 647 1606 hac
673 1580 711 1606 et
731 1582 764 1617 p.
778 1568 828 1617 sq.
848 1569 872 1606 l.
889 1580 944 1615 31.
966 1571 1005 1605 in
1024 1570 1179 1618 gloriam
1201 1567 1486 1615 referebantur.
1516 1565 1562 1601 it.

48 1618 71 1651 Ι.
95 1625 153 1660 89.
177 1627 215 1653 et
234 1616 274 1661 in
292 1630 415 1666 praep.
437 1627 497 1661 87,
515 1632 546 1654 2.
565 1621 617 1655 ad
631 1618 790 1666 speciem
810 1619 971 1660 honoris-3
1006 1620 1067 1654 hic
1085 1630 1127 1656 ut
1144 1619 1184 1654 in
1208 1631 1316 1665 pron.
1336 1622 1439 1658 αὐτὰ,
1465 1615 1564 1664 sum-

50 1677 91 1702 to
109 1677 193 1702 cum
215 1669 274 1715 ssg.
297 1679 367 1714 pro
389 1666 587 1705 demonstr.
608 1673 738 1710 ε’κεΐνκ,
771 1668 968 1716 relatuque
987 1669 1032 1704 ad
1053 1681 1107 1715 pr.
1128 1668 1199 1704 duo
1227 1667 1329 1704 subst.
1348 1667 1394 1708 ἦν.
1418 1676 1562 1710 cru-vz-

48 1713 155 1750 sexus
185 1714 274 1751 fem.
289 1739 301 1757 ‚
339 1714 384 1752 fic
411 1727 528 1765 genus
554 1716 709 1764 synesis,
752 1728 847 1765 quae
884 1727 1059 1754 neutrum
1093 1716 1305 1762 subiungit.
1350 1714 1564 1762 supplendo

49 1769 242 1809 πράγματα
261 1763 284 1800 s.
305 1761 415 1810 ἔργα,
447 1766 507 1801 sed
526 1775 569 1801 ut
590 1765 628 1802 in
648 1778 719 1803 κολ.
741 1765 981 1812 respiciantur
1004 1779 1082 1802 rum
1102 1766 1163 1802 alii
1184 1765 1314 1806 aulici,
1351 1777 1430 1802 tum
1453 1760 1564 1799 maxi-

51 1825 112 1852 rne
139 1813 171 1858 ξ.
193 1825 245 1860 pr.
265 1826 340 1858 ysn-
374 1825 414 1850 ct
442 1817 503 1851 τᾶν
526 1819 623 1860 αἰσχ.
649 1814 710 1851 ὄπ.
761 1815 895 1861 Qoad
923 1827 1012 1851 vero
1036 1814 1310 1851 distinffionem
1338 1813 1418 1862 post
1439 1816 1565 1857 &nats-2

49 1862 208 1912 genitivi
228 1862 379 1911 conseq.
398 1863 571 1911 particip.
585 1889 596 1905 ,
630 1864 839 1901 resolvendi
859 1864 1058 1900 commode
1075 1877 1141 1913 per
1163 1865 1230 1906 ita,
1255 1875 1307 1906 ut,
1333 1863 1425 1900 nihil
1442 1859 1565 1910 requi-

49 1922 162 1953 runt,
189 1923 299 1959 quam
317 1924 481 1955 comma,
509 1911 609 1960 quod
629 1924 668 1949 et
687 1914 767 1962 post
788 1912 860 1959 ιῗμν.
877 1913 974 1950 valet
997 1913 1036 1950 in
1056 1912 1288 1951 continuatis
1308 1924 1393 1962 gen.
1414 1911 1563 1959 conseq,-

49 1973 116 2010 per
134 1967 193 2006 μὲν
217 1971 254 1996 et
276 1965 310 1998 δὲ
330 1961 452 1998 relata.

99 2013 162 2048 τοῦ
179 2015 213 2047 δὲ
235 2011 268 2048 οἱ.
292 2012 385 2056 μετ.)
414 2010 653 2049 indecentius
665 2009 904 2061 persequente.
951 2019 1099 2057 μετιέναι
1116 2020 1170 2053 τὶ,
1197 2011 1347 2049 trastare
1357 2010 1382 2046 s.
1396 2009 1566 2060 persequi

51 2061 204 2108 aliquod
235 2059 404 2096 studium.
463 2060 523 2096 Sic
540 2062 633 2098 Xen.
655 2062 768 2108 Mem.
787 2063 822 2098 S.
844 2075 880 2108 4.
902 2074 938 2102 2.
955 2073 987 2106 9.
1024 2060 1154 2099 Anacr.
1174 2067 1210 2103 6,
1236 2073 1292 2105 ις.
1326 2061 1437 2098 Hom.
1462 2060 1504 2097 ΙΙ.
1522 2057 1562 2101 ν’,

51 2118 136 2154 2953.
190 2108 329 2145 Aufror
346 2109 392 2145 de
415 2110 557 2147 mundo
576 2123 653 2147 non
666 2112 780 2159 longe
801 2111 940 2148 abinit.
960 2111 1075 2158 (inm.
1091 2114 1164 2148 Ox.
1190 2113 1266 2151 ,‚A.
1279 2109 1386 2147 dem.
1408 2123 1439 2158 p.
1458 2111 1564 2154 16.«)

51 2159 115 2203 ’τήν
133 2159 200 2194 τῶν
217 2164 362 2208 [arvis-qn
381 2164 506 2207 ἱςοςξαν
518 2160 677 2205 μετιὲνσξφ.
706 2159 943 2198 maximarum
956 2174 1075 2197 rerum
1088 2160 1348 2210 cognitionem
1360 2158 1564 2208 conseHari.

48 2207 184 2296 iae-sch.
213 2206 297 2244 dial.
331 2221 387 2251 2..
432 2209 494 2246 ubi
525 2210 622 2247 male
650 2210 747 2248 Cler.
777 2209 817 2246 in
851 2210 932 2247 lnd.
959 2214 1139 2256 uarisofioq
1168 2210 1281 2247 habet
1308 2221 1376 2257 pro
1406 2215 1566 2255 μετιένοψ

81 2269 168 2294 elsn·

58 2304 62 2308 ’
153 2304 213 2343 Cf.
235 2305 282 2342 ib.
306 2305 409 2342 Fisch
443 2307 523 2344 lnd.
545 2320 583 2346 et
604 2310 682 2355 Stp.
702 2309 777 2345 Th.
804 2322 882 2350 „eo
898 2307 991 2358 pest,
1011 2329 1046 2337 —
1065 2308 1272 2358 persequor,
1311 2319 1355 2346 ut
1376 2307 1427 2344 dr.
1455 2319 1568 2346 vena-

51 2369 113 2394 tor
133 2372 169 2400 μ.
190 2353 307 2397 senff,
334 2357 442 2401 (Poll.
459 2369 491 2402 5,
520 2369 574 2394 ιο.
594 2371 626 2395 e.
651 2358 750 2395 inter
769 2372 803 2394 v.
825 2371 859 2395 v.
880 2358 1091 2396 venationis
1109 2371 1193 2396 curn
1214 2359 1292 2396 Lat.
1309 2356 1565 2407 subfiqui,·it.

52 2412 113 2445 60.
132 2408 207 2448 85.)
226 2405 386 2452 metaph.
407 2408 533 2444 utLat.
553 2405 752 2456 persequor.
781 2425 815 2453 μ,
835 2410 895 2451 τὴν
915 2410 1137 2454 σοφίκνΧεη.
1192 2408 1263 2444 Sed
1282 2410 1320 2445 Ρ.
1334 2420 1392 2455 ap.
1406 2406 1566 2445 Herodi.

50 2471 89 2502 μ.
116 2467 199 2490 cum
219 2466 291 2492 acc.
310 2453 364 2490 rei
387 2457 503 2494 vertit
524 2457 638 2493 etiam
653 2459 848 2494 tranare«
878 2456 951 2493 linc
969 2457 1153 2500 numeris,
1179 2458 1281 2496 unde
1303 2459 1412 2506 eth.
1435 2456 1568 2500 servat.

50 2516 93 2543 et
110 2503 195 2540 Sch.
223 2504 359 2550 partim
386 2521 450 2550 ‚‚{1..
469 2510 581 2547 αὐτὰ,
619 2508 729 2545 trae'l.
753 2507 775 2543 s.
795 2507 1021 2557 persequente
1046 2521 1084 2543 ea
1096 2506 1251 2557 studia‹‘
1278 2507 1375 2546 recle
1393 2517 1570 2554 repetens

51 2565 164 2606 pron.
188 2566 208 2589 e
232 2566 309 2599 pr..
343 2553 382 2590 in
402 2554 507 2592 cuius
528 2556 612 2592 Lat·
633 2567 724 2592 extr.
743 2569 897 2597 maneo.
925 2568 962 2592 ct
981 2556 1058 2603 ipso
1083 2557 1254 2605 tropico,
1288 2555 1386 2594 affini
1406 2567 1447 2592 ac
1468 2568 1572 2592 com-

53 2601 151 2660 pass,
180 2602 300 2649 qualia
323 2615 361 2639 et
382 2603 499 2641 nostra
518 2605 716 2654 nachgehen
736 2617 774 2642 et
795 2607 1041 2655 nachh‘a'ngen,
1067 2618 1255 2655 quaecum
1269 2607 1349 2656 syn.
1362 2604 1570 2654 conseHart‘,

53 2650 251 2702 insellari
273 2650 446 2708 etse-qul,
474 2665 585 2700 tropo
606 2667 776 2697 remote,
800 2656 886 2693 sunt
908 2655 928 2691 i.
953 2668 988 2705 q.
1009 2666 1207 2704 appetere,
1239 2668 1381 2700 amare,
1418 2653 1466 2691 cf.
1487 2658 1570 2703 Stp.

55 2699 101 2737 ad
124 2714 172 2737 m.
194 2703 253 2744 Ρ.,
289 2712 328 2738 it.
355 2714 485 2752 agere,
519 2702 724 2752 suscipere,
763 2716 957 2747 exercere.
1000 2707 1091 2742 Eud.
1111 2707 1152 2742 C.
1179 2717 1258 2754 ¹3¹·
1277 2718 1335 2743 21.
1371 2704 1451 2744 lnd.
1476 2707 1567 2742 Xen.

54 2750 170 2788 Mem.
183 2751 217 2788 S.
229 2750 338 2788 Bach.
350 2753 428 2790 Pol.
441 2753 481 2790 Z.
494 2765 532 2790 et
541 2753 752 2793 Mor.Hcll.
764 2779 774 2798 ,
801 2753 917 2793 Dion.
930 2755 1007 2792 Cas.
1019 2756 1110 2794 l'oll.
1125 2764 1159 2800 8,
1172 2765 1205 2797 ς.
1225 2768 1309 2794 cum
1327 2755 1451 2793 Schol.
1466 2753 1571 2794 Arist.
