1829 3173
21 162 103 206 DE
123 157 502 219 HERQDIANO
531 156 794 209 EIVSQVE
813 156 974 201 VERS.
993 155 1285 202 BERGLER.
1355 174 1544 205 xxxnx

123 271 221 307 Sunt
243 268 332 310 alia,
364 279 483 315 eaque
504 264 692 314 graviora,
721 278 814 314 quae
830 265 1009 303 nonnulli
1031 265 1156 303 omiffa
1176 266 1219 311 ab
1230 266 1454 304 Herodiano
1472 268 1544 305 ini-

23 332 98 370 que
117 319 259 356 ferunt.
311 320 397 364 Qo
421 317 585 364 pertinet
605 313 742 351 famosa
762 313 821 350 illa
836 313 1055 352 constitutio
1074 316 1121 352 ‹le
1140 313 1292 352 civitate
1313 329 1399 353 cum
1418 319 1542 354 omni-

24 373 92 408 bus
112 369 210 405 orbis
231 368 375 403 romani
401 365 572 414 ingenuis
594 364 925 407 communicanda;
960 364 1055 401 item
1071 364 1300 402 vconstitutio
1332 367 1379 402 de
1395 366 1543 403 heredi-

23 419 157 456 tatium
181 416 344 458 decima,
377 415 465 451 loco
487 413 698 454 vicefimae,
734 413 946 462 pendenda.
993 413 1189 452 Pertinent
1210 414 1341 451 eodem
1362 414 1480 463 aliqui
1502 428 1542 457 et

22 468 113 505 iuris
138 465 290 504 scientia
310 476 350 502 et
371 476 567 500 munerum
585 463 835 510 amplitudine
857 463 1020 499 celebres
1040 462 1133 506 viri,
1171 464 1388 501 Herennius
1407 467 1543 503 Mode-

23 518 161 559 stinus,
195 524 416 564 praeceptor
437 511 634 551 Maximini
662 512 842 549 iunioris.-
890 512 1002 550 lulius
1029 512 1183 554 Paulus,
1223 514 1348 550 Severi
1374 526 1413 552 et
1434 516 1543 556 Cara·-

25 568 137 603 callae
162 563 410 606 consiliarius,
451 573 490 599 et
514 561 635 609 postea
659 560 725 597 sub
744 562 956 598 Alexandro
987 561 1191 608 praefeaus
1221 563 1432 610 praetorio:
1478 565 1545 602 Ul·

23 617 156 664 pianus
183 613 248 650 sub
270 611 453 657 Septimio
473 613 612 648 Severo
640 610 861 648 scriniorum
891 611 1077 660 magister,
1114 611 1179 648 sub
1198 611 1410 649 Alexandro
1438 621 1543 661 prae-

21 664 142 705 festus
166 662 376 709 praetorio:
405 661 600 709 praecipue
619 672 706 696 vero
717 659 898 697 Aemilius
919 659 1162 708 Papinianus,
1191 660 1407 698 libellorum
1431 663 1546 711 magi.

17 708 92 750 fster
114 713 177 750 sub
197 714 362 752 Severo,
401 709 481 758 post
502 709 706 758 praefefius
728 708 935 754 praetorio,
970 720 1151 759 tutorque
1172 710 1319 747 relit'tus
1337 712 1544 750 Caracallae

23 774 64 800 et
83 763 225 803 Getae,
260 760 322 797 sed
346 760 547 797 crudeliter
571 758 788 795 inter-festus
814 771 832 795 a
853 759 1057 803 Caracalla,
1095 771 1210 807 quum
1230 771 1402 807 rogatus,
1437 773 1480 803 ut
1502 761 1544 799 in

19 814 153 849 *senatu
174 810 358 846 fraternae
377 808 498 846 caedis
518 807 797 846 excusationem
825 806 1046 855 susciperet,
1084 808 1201 844 libere
1231 821 1441 858 magnoque
1464 811 1546 848 ani-

22 874 89 898 mo
112 858 375 908 respondisset,
401 871 479 894 non
504 870 578 894 tam
603 857 710 894 facile
731 857 964 905 parricidium
988 856 1149 894 excusari
1171 858 1283 904 posse,
1309 871 1419 906 quam
1439 858 1544 900 fieri:

21 922 240 955 novumque
261 907 498 955 parricidium
522 906 709 943 committi
738 908 781 942 ab
808 919 876 948 eo,
912 905 974 952 qui
995 905 1180 942 accusaret
1199 906 1424 944 innocenter
1446 910 1548 948 occi·

21 960 113 998 sum.
163 957 280 994 Tanti
311 956 381 992 viri
410 967 453 992 ut
483 969 533 993 ne
560 956 703 992 mentio
733 955 885 1003 quidem
917 953 1043 995 fieret,
1083 955 1148 1003 qui
1176 955 1313 991 fastum
1344 956 1416 994 effe
1444 958 1545 996 dice-

22 1021 105 1046 mus
123 1009 137 1043 ἓ
182 1008 322 1043 Caedes
339 1006 421 1042 eius
442 1005 589 1053 publice
609 1003 699 1040 fasta
721 1015 800 1054 non
823 1003 947 1050 potuit
967 1015 1046 1039 non
1070 1003 1276 1051 unicuique
1296 1005 1545 1048 innotescere.

23 1058 166 1095 Caedes
184 1056 245 1092 ista
266 1054 534 1091 immanitatem
556 1053 703 1101 tyranni
729 1052 868 1100 prodit.
927 1053 1056 1101 Atque
1077 1052 1172 1088 hanc
1198 1053 1448 1092 demonstrare
1468 1058 1546 1093 He-

23 1107 185 1144 rodiano
208 1102 437 1152 propolitum
456 1113 548 1138 erat.
601 1103 662 1138 An
684 1102 758 1137 hoc
780 1101 966 1139 silentium
987 1100 1152 1137 invidiae
1180 1113 1219 1138 et
1240 1102 1463 1151 malignitati
1488 1105 1547 1156 hi-

22 1155 144 1192 ssorici
174 1153 404 1196 tribuemus,
447 1151 595 1200 sequuti
623 1150 845 1189 Balduinum
869 1163 910 1189 et
936 1151 1065 1188 Everh.
1087 1152 1276 1189 Ottonem
1302 1151 1344 1189 in
1374 1155 1545 1204 l’apinia.

20 1216 76 1241 no
95 1216 133 1252 p.
153 1207 235 1239 611.

118 1267 368 1315 Malignitatis
394 1265 435 1303 in
457 1266 706 1314 Papinianum
736 1279 816 1305 non
841 1266 940 1314 posse
967 1266 1124 1305 accusari
1151 1267 1413 1308 Herodianum
1438 1271 1546 1310 vide-

18 1329 129 1358 mus,
168 1317 262 1363 quin
281 1316 384 1353 simul
403 1316 568 1354 eiusdem
593 1316 629 1353 in
651 1319 778 1365 plures
803 1316 921 1357 alios,
959 1329 1056 1365 quos
1083 1329 1204 1366 aeque
1231 1329 1273 1354 ac
1294 1319 1544 1366 Papinianum

19 1366 165 1408 omisit,
204 1366 406 1404 accusetur.
467 1365 503 1402 Si
525 1367 634 1413 plane
654 1367 764 1404 nobis
785 1365 983 1415 cognitum
1010 1365 1121 1406 esset,
1154 1379 1320 1414 quonam
1348 1369 1387 1405 in
1405 1382 1546 1418 genere

16 1418 140 1458 vitae,
171 1428 338 1464 quonam
358 1427 514 1452 munere
534 1416 572 1451 in
592 1417 765 1464 publice,
798 1415 960 1452 versatus
983 1416 1220 1453 Herodianus
1236 1416 1375 1460 fuerit,
1406 1420 1446 1455 id
1467 1421 1547 1460 for·

18 1467 83 1505 san
105 1464 296 1501 facilitatis
314 1463 456 1512 aliquid
476 1466 585 1502 nobis
605 1465 787 1508 adferret,
827 1464 934 1502 simul
959 1464 1004 1500 ad
1024 1477 1108 1502 eum
1129 1466 1400 1510 excusandum,
1434 1469 1545 1507 simul

14 1516 68 1554 aad
99 1514 230 1551 caussas
261 1515 390 1550 harum
418 1514 653 1552 omiffionum
681 1514 921 1563 detegendas.
970 1515 1085 1552 Nunc
1113 1527 1240 1552 earum
1267 1527 1311 1552 ut
1331 1518 1486 1566 gratiam
1507 1519 1544 1556 ei

21 1564 222 1606 faciamus,
253 1563 340 1600 ideo
362 1562 522 1600 inclinat
540 1564 709 1606 animus,
748 1564 833 1613 quia
853 1577 940 1601 eum
961 1565 1035 1601 hoc
1058 1562 1215 1601 consilio
1234 1565 1280 1600 ad
1305 1566 1547 1606 conscriben-

21 1616 107 1652 dam
131 1613 317 1650 historiam
343 1611 521 1650 acceffiss'e
538 1615 728 1653 videmus.
768 1625 813 1650 ut
832 1614 1044 1661 principum
1067 1626 1308 1652 romanorum
1337 1629 1395 1653 res
1418 1618 1547 1666 gestas,

21 1676 104 1701 non
125 1674 167 1699 ut
186 1662 300 1698 vitam
321 1661 473 1711 fataque
494 1662 686 1700 destorum
701 1663 866 1700 virorum
880 1688 890 1704 ,
918 1663 1147 1700 recenseret:
1174 1674 1217 1700 ut
1239 1677 1295 1700 res
1316 1666 1430 1714 gestas
1451 1667 1546 1713 ipsas

21 1725 103 1750 non
120 1711 277 1759 lingulas
295 1711 468 1760 religiose
490 1723 528 1749 et
546 1712 755 1760 scrupulosa
775 1713 932 1761 quadam
955 1712 1149 1761 diligentia
1168 1713 1398 1759 explanaret,
1421 1716 1483 1754 sed
1504 1728 1548 1754 ut

23 1761 300 1811 praecipuarum
324 1762 507 1799 deleftum
526 1761 687 1803 faceret,
726 1762 866 1809 hasque
885 1762 978 1809 ipsas
1000 1774 1101 1798 nunc
1121 1762 1271 1799 uberius
1292 1775 1330 1800 et
1349 1764 1466 1801 fusius
1486 1779 1548 1803 ex-

14 1811 199 1859 -plicaret,
236 1822 338 1847 nunc
359 1811 519 1847 breviter
539 1811 763 1860 strifflmque
781 1812 998 1859 attingeret.
1050 1811 1341 1855 Crudelitatem,
1369 1826 1482 1862 quam
1504 1815 1546 1853 in

25 1859 232 1905 Papiniano
253 1860 431 1896 Caracalla
456 1861 646 1901 exercuit,
681 1861 798 1898 videri
820 1872 935 1907 queat
956 1859 1086 1908 urique
1107 1860 1288 1910 tetigisse,
1316 1864 1470 1909 quando
1489 1865 1547 1902 in-

26 1919 207 1945 teremtos
237 1907 364 1944 scribit
392 1908 521 1949 fuisse,
557 1909 732 1946 senatorii
758 1910 900 1946 ordinis
928 1910 1144 1958 quicunque
1172 1921 1236 1947 aut
1265 1912 1464 1949 nobilitate
1482 1925 1548 1951 aut

28 1955 168 2004 opibus
200 1956 448 1999 excellerent,
492 1967 530 1993 et
559 1958 714 2004 quidem
743 1958 896 1994 minima
928 1972 1074 2006 quaque
1107 1959 1151 1995 de
1173 1960 1312 2001 caussa,
1356 1963 1415 1999 vel
1437 1964 1548 2010 plane

26 2006 153 2046 nulla,
179 2007 243 2046 lV,
266 2009 299 2041 6.
324 2017 355 2047 ς.
408 2009 534 2054 Qium
563 2006 657 2042 dicit
679 2007 853 2043 senatorii
880 2008 1020 2043 ordinis
1042 2009 1140 2044 viros
1168 2008 1410 2053 interemtos,
1445 2011 1548 2049 forte

23 2067 104 2091 non
122 2054 397 2091 excludendum
418 2055 523 2091 duxit
542 2055 764 2103 praefestum
787 2055 990 2102 praetorio,
1017 2056 1206 2103 huiusque
1228 2058 1374 2102 similes,
1400 2061 1463 2097 etsi
1485 2075 1547 2098 me

25 2116 106 2141 non
124 2103 246 2151 fugit,
280 2105 475 2151 praescistis
495 2105 682 2149 praetorio
704 2104 921 2141 senatoriam
944 2106 1165 2154 dignitatem
1186 2108 1229 2143 ab
1249 2108 1463 2146 Alexandro
1483 2114 1546 2149 Se-

12 2165 116 2196 ¹vero
137 2152 288 2190 demum
307 2153 469 2190 additam
488 2153 593 2191 fuiffe
606 2179 618 2196 ‚
656 2154 746 2192 teste
765 2155 977 2202 Lampridio
1000 2153 1040 2192 in
1062 2153 1271 2193 Alexandro
1288 2159 1331 2195 C.
1352 2160 1447 2196 xxi.

125 2240 200 2275 lam
218 2234 367 2279 nescio,
400 2249 446 2273 an
465 2237 577 2274 etiam
599 2238 655 2276 his
682 2251 877 2276 occurrere
898 2251 1046 2279 curem,
1075 2239 1139 2284 qui
1162 2241 1205 2276 ab
1220 2242 1438 2281 Herodiano
1454 2246 1550 2284 mul-

26 2298 65 2326 ta
91 2285 336 2334 praetermissa
366 2299 473 2336 aegre
501 2287 650 2332 ferunt,
685 2302 704 2325 a
728 2289 963 2332 Commodo,
1008 2290 1052 2325 ab
1072 2291 1288 2338 Elagabalo,
1325 2307 1343 2329 a
1364 2295 1547 2332 Caracalla

26 2334 230 2384 flagitiose,
265 2334 432 2380 impure,
473 2336 688 2386 incesteque
718 2338 830 2378 fafia,
879 2339 984 2375 cuius
1013 2339 1161 2388 generis
1193 2353 1274 2378 non
1305 2355 1418 2390 pauca
1449 2346 1546 2390 apud

17 2384 274 2435 (Suetonium,
314 2385 575 2434 Historiaeque
594 2387 780 2435 Augustae
803 2387 1022 2436 scriptores,
1049 2388 1236 2438 leguntur.
1290 2394 1385 2429 Nam
1409 2393 1548 2440 quibus

16 2433 150 2484 ,pudor
169 2443 208 2469 et
227 2432 345 2469 virtus
368 2434 472 2471 cordi
494 2435 563 2479 est,
606 2437 644 2473 hi
675 2437 738 2474 sibi
771 2437 885 2487 magis
917 2438 1060 2484 placere
1085 2439 1292 2477 Herodiani
1321 2442 1549 2481 dictitabunt

28 2482 280 2521 verecundum
300 2482 505 2523 silentium.
549 2498 660 2534 quam
679 2485 836 2523 aliorum
857 2487 1077 2533 scriptorum
1101 2487 1359 2537 impudentem
1385 2491 1547 2541 loquaci·

0 2546 1 2567 ι
19 2540 155 2582 Ξταῖσι.
202 2533 434 2579 Tempe-rant
454 2533 518 2570 libi
538 2535 628 2573 boni
649 2535 808 2573 historici
829 2538 872 2573 ab
892 2536 1124 2584 exponendis
1147 2538 1321 2583 historiis,
1348 2554 1442 2590 quae
1464 2554 1548 2589 pec-

0 2593 111 2640 }‹care
134 2581 316 2623 doceant,
342 2581 426 2619 satis
445 2584 571 2631 gnari,
597 2584 799 2635 magistram
821 2586 918 2622 vitae
938 2584 1007 2621 else
1027 2599 1205 2635 oportere
1227 2589 1412 2628 historiam
1427 2616 1437 2632 ,
1467 2604 1548 2630 non

20 2630 308 2686 'corruptricem
371 2631 475 2669 Sunt*
496 2635 623 2679 eadem
656 2647 804 2676 mente,
841 2648 911 2683 qua
939 2634 1046 2672 fuisse
1080 2637 1347 2676 Demosthenes
1385 2640 1549 2682 videtur,

18 2680 93 2731 ‚qui
114 2679 319 2727 impudicas
341 2681 505 2730 Philippi
535 2684 747 2722 saltationes
778 2685 981 2722 describere
1001 2698 1079 2722 non
1105 2687 1269 2726 sustinet.
1327 2690 1486 2739 Olynth.
1506 2692 1547 2726 ll.

18 2740 121 2779 2⁶74
169 2729 271 2776 Quid
292 2731 585 2771 Demosthenem
603 2733 718 2773 dico?
755 2733 937 2776 Sentiimt
954 2733 1078 2775 idem.
1106 2738 1208 2785 quod
1224 2738 1447 2787 Apostolus,
1484 2740 1548 2788 qui

835 2808 859 2838 c
