1772 3158
463 117 761 164 EXCVRSVS
794 117 878 161 AD
917 117 1064 161 LIBR.
1095 117 1134 160 Ι.
1451 119 1552 169 877

51 232 119 269 Gr.
139 240 176 278 φ.
193 229 374 268 Latinitas
393 230 572 278 quaedam
593 227 731 265 Nostri.
787 230 839 265 At
865 240 885 264 e
910 227 1001 264 serie
1021 225 1223 270 orationis,
1258 236 1345 264 ante
1367 224 1559 269 declarata,

48 281 180 317 melior
202 280 290 317 mihi
308 279 453 316 videtur
473 278 616 326 tropica
633 278 694 314 illa
713 276 818 314 verbi
838 287 879 323 φ.
906 278 1028 312 nocio.

150 345 221 382 Sed
242 345 344 393 quod
367 344 491 380 Leisn.
509 343 653 379 addidit
666 343 703 379 in
716 346 839 392 Progr.
852 367 863 384 ,
889 351 923 388 φ.
945 340 1183 388 participium
1196 341 1321 381 verbo,
1335 340 1447 395 ’quod
1459 352 1562 376 com·

52 395 255 431 mendandi
280 393 497 441 potestatem
517 393 669 434 habeat,
705 402 818 438 atque
839 391 932 427 adeo
954 389 1008 426 isti
1028 393 1254 436 ἐγχειρίζειν,
1292 401 1403 425 etiam
1420 388 1562 437 consue-

50 445 187 480 tudinis
208 444 282 478 vim
309 442 464 479 addere:
497 439 558 481 id,
587 452 694 488 puto.
724 440 856 481 voluit,
878 450 920 474 ut
938 448 975 485 φ.
997 438 1086 476 esset
1105 451 1174 486 pro
1192 438 1272 472 adv.
1291 438 1428 484 aliquo,
1457 437 1562 484 quod

49 491 299 528 substituimus
325 493 437 526 verbo
458 491 535 525 Lat.
551 490 685 537 fhlere,
722 501 761 523 ac
785 489 935 525 Graecis
963 492 1068 532 φιλεῖν
1091 499 1135 539 ep
1153 488 1249 532 ἒςᾷν,
1283 498 1325 521 ut
1348 488 1563 534 plerumque,

51 540 284 587 frequenter,
304 540 427 588 [παρη
455 538 591 584 quibus
610 538 732 574 verbis
750 537 838 572 alibi
856 537 1175 572 annumeravimus
1191 535 1285 571 illud
1301 541 1445 580 χαίρειν,
1467 547 1564 581 quo-

51 603 136 626 cum
166 590 278 637 paulo
311 599 398 624 ante
419 599 672 633 comparatum
697 600 716 623 a
737 585 848 623 nobis
875 586 1038 621 nostrum
1065 591 1187 631 φέρειν.
1236 583 1310 620 Sed
1337 597 1421 620 cum
1443 584 1564 631 priora

0 654 1 664 ¹
50 641 164 675 verba
189 640 229 674 in
248 636 408 673 notione
430 637 490 672 tali
509 636 669 672 habeant
688 636 812 671 secum
832 634 933 670 verbi
954 635 1046 670 alius
1074 632 1307 669 infinitivum
1326 645 1391 669 aut
1416 631 1566 679 partici-

49 688 180 735 pium:
204 687 266 722 hic
285 685 417 722 debeat
436 685 506 721 eti'e
525 682 622 732 ἔφερε
642 705 680 712 -
700 687 906 731 ἐγχειρίζειν
926 694 989 719 aut
1009 685 1208 728 ἐγχειρίζων
1221 707 1232 722 ,
1266 693 1332 718 aut
1357 679 1564 728 comparari

48 747 228 784 oporteat
247 735 307 770 illa
329 738 487 771 διατελῶν
507 743 588 772 ποιῶ
615 747 643 776 1,
661 748 700 779 4,
726 746 783 770 ιε.
807 744 847 770 et
868 738 1048 778 χαίροντες
1070 740 1215 777 zema-us
1241 743 1273 773 ι,
1296 743 1328 774 ς,
1348 740 1382 771 8.
1433 734 1484 766 At
1501 729 1564 767 vel

48 785 96 821 iic
115 784 332 819 adverbium
354 789 516 826 πολλάκις
529 806 544 824 ,v
573 783 634 819 hic
652 782 864 819 adiunftum
877 805 888 822 ,
923 782 1074 817 notioni
1100 780 1220 818 Leisn.
1237 780 1463 829 repugnabit
1476 804 1489 821 ,
1511 778 1567 816 fa·

50 833 152 870 ciens
175 832 422 880 tautologiam
443 833 614 873 inanem,
647 844 801 879 accepto
821 841 860 877 φ.
881 843 947 878 pro
968 830 1112 867 eodem.

146 899 389 946 Reliquorum
411 895 533 937 Nostri
554 898 689 934 ex‘hoc
709 909 850 944 genere
868 897 1039 932 locorum
1063 895 1111 931 est
1135 908 1230 933 unus
1255 908 1285 938 ι,
1311 905 1366 941 13,
1391 907 1443 930 ιι.
1466 901 1564 936 τέλος

50 954 298 993 λελωβημένας
320 954 365 988 εἷς
384 945 463 988 τούς
486 946 631 992 ἄχει-οὒς
648 945 790 993 ἴῤῥιψαν
806 953 983 992 φέροντες,
1015 945 1077 982 ubi
1098 946 1260 982 nostrum
1280 948 1433 980 verbum
1453 943 1565 979 habe-

52 1008 114 1033 tur
134 1009 215 1033 cum
236 996 308 1032 alio
329 995 510 1038 iaciendi‚
537 1007 581 1032 ut
602 997 728 1044 supra,
755 1009 775 1031 a
793 997 856 1044 Bg.
876 1005 915 1030 et
931 997 968 1031 1³.
989 993 1198 1042 oppressum
1213 1020 1223 1036 ‚
1258 994 1319 1031 sed
1340 991 1486 1041 physice
1507 992 1565 1028 l'u-

51 1046 253 1087 mendum,
289 1057 332 1081 ut
358 1045 411 1081 ibi
436 1045 600 1086 dicetur,
623 1067 658 1074 -
680 1046 773 1081 alter
794 1058 829 1087 2,
854 1057 886 1085 ι,
912 1054 942 1089 3.
971 1051 1000 1081 οἱ
1027 1047 1062 1080 δὲ
1088 1051 1247 1089 φέροντες
1266 1048 1322 1080 διὰ
1341 1050 1447 1088 μέσων
1465 1046 1566 1087 ἐκφέ-

51 1110 147 1141 ρουσι
163 1103 228 1132 τῶν
247 1100 425 1140 φυλάκων,
458 1093 522 1130 ubi
542 1096 704 1130 nostrum
728 1107 761 1130 v.
783 1106 869 1130 cum
887 1104 1022 1142 agnato
1042 1094 1199 1135 iterum,
1232 1104 1276 1129 ut
1301 1093 1341 1128 in
1370 1090 1568 1138 superiori-

53 1146 142 1186 bus,
176 1154 387 1190 comparet,
415 1156 433 1179 a
453 1145 516 1192 ng.
536 1155 729 1191 acceptum
747 1143 915 1193 phyfice,
949 1154 990 1179 ut
1010 1153 1134 1179 tamen
1155 1153 1193 1179 et
1214 1154 1280 1191 pro
1298 1141 1378 1178 adv.
1402 1144 1481 1177 Lat.
1502 1152 1565 1176 ra·

48 1195 131 1242 pide
151 1194 175 1229 s.
194 1194 364 1228 celeriter
382 1192 522 1240 exponi
543 1203 666 1239 queat.

144 1260 246 1294 Tum
267 1257 313 1294 de
336 1271 367 1294 v.
385 1262 517 1303 ἐγχεις.
540 1259 619 1305 Stp.
638 1258 715 1294 Th.
739 1271 774 1303 4,
791 1270 873 1304 450.
893 1272 924 1297 e.
952 1270 1039 1305 ψη).
1062 1257 1214 1294 Herodi.
1243 1268 1330 1295 cum
1358 1256 1430 1293 dat.
1451 1262 1563 1296 πίςεσι

51 1308 81 1344 Ι.
102 1320 134 1343 1.
156 1307 218 1344 ubi
244 1308 282 1344 Ρ.
309 1308 498 1353 duplicem
527 1306 879 1354 interpretationem
902 1309 1016 1343 verbo
1041 1312 1126 1352 ἐνεχ.
1155 1305 1272 1343 dedit.
1293 1326 1331 1335 —
1359 1309 1410 1342 Ut
1440 1318 1565 1343 autern

51 1357 114 1393 hic
136 1361 214 1400 ἱγχ.
234 1372 304 1395 τις.
318 1380 329 1396 ,
355 1355 402 1391 fic
421 1359 474 1392 διὰ
493 1361 614 1397 πίε-ειυς
632 1362 710 1400 ἐγχ.
730 1359 896 1402 ap.Xen.
919 1355 1177 1404 legitur'Avap.
1203 1356 1273 1392 l.2.
1286 1362 1352 1383 —ss
1382 1355 1514 1402 (immo
1532 1365 1564 1400 3,

52 1418 89 1450 2,
107 1414 141 1445 8.
156 1431 166 1446 ,
193 1417 303 1451 quem
325 1406 448 1440 locum
472 1404 599 1445 aliter,
626 1417 734 1452 quam
758 1407 861 1453 Stp.‚
888 1405 1154 1451 interpretatur
1178 1404 1257 1441 lnd.
1277 1406 1320 1442 Z.
1344 1418 1377 1441 v.
1400 1407 1479 1451 Μή)
1503 1404 1566 1441 sed

53 1467 139 1491 cum
158 1454 230 1490 dat.
251 1453 303 1489 rei
325 1454 396 1490 alio
416 1466 455 1490 et
471 1452 577 1490 fimul
597 1455 734 1490 iterum
754 1468 838 1491 cum
853 1468 927 1490 acc.
945 1453 1033 1501 pers.
1047 1455 1187 1490 Rs.0r.
1209 1456 1255 1490 V.
1268 1466 1301 1495 7.
1323 1457 1412 1491 Ant.
1428 1467 1463 1501 p.
1478 1465 1564 1500 749.

51 1504 122 1542 ἔδοι)
139 1504 204 1547 ἐγώ
220 1505 264 1548 τῇ
284 1519 323 1540 τε
343 1502 523 1549 drvxz‘qc'-
541 1502 620 1541 {nolu
637 1503 780 1547 ε’μαυτὸν
792 1507 974 1551 ἐγχειρίζω
995 1505 1041 1549 τῇ
1058 1519 1098 1539 τε
1115 1501 1242 1541 τούτων
1260 1500 1375 1550 ἔχθρᾳ
1388 1529 1398 1544 ,
1424 1503 1488 1538 ubi
1503 1505 1568 1540 ad·

52 1552 220 1589 iunctum
241 1550 322 1589 ἑκῶν
341 1552 419 1599 syn.
440 1552 551 1588 nostri
572 1552 676 1599 supra
690 1560 811 1598 φέρων,
838 1557 939 1602 quod
960 1552 1049 1588 inde
1070 1552 1139 1587 hac
1155 1553 1316 1589 notione
1333 1554 1477 1595 firmes,
1504 1553 1567 1590 sed

53 1615 138 1638 cum
161 1613 234 1636 acc.
257 1601 347 1648 pers.
367 1600 446 1636 solo
459 1626 468 1640 ,
495 1612 559 1637 aut
576 1613 661 1638 cum
684 1602 759 1638 dat.
781 1604 869 1649 pers.
889 1613 929 1639 et
947 1601 1048 1637 simul
1061 1613 1137 1637 acc.
1150 1613 1215 1637 aut
1229 1602 1322 1650 pers.
1341 1614 1403 1639 aut
1420 1603 1470 1639 rei
1485 1602 1567 1638 lnd.

52 1653 114 1689 Rs.
136 1652 203 1686 Or.
222 1653 266 1686 V.
280 1663 313 1694 4.
333 1660 373 1685 et
392 1651 502 1685 Dem.
517 1675 527 1690 ,
553 1652 635 1686 Ael.
657 1651 703 1686 V.
724 1651 760 1686 h.
789 1652 874 1686 Luc,
898 1651 992 1687 l’lut.
1006 1651 1070 1686 Hs.
1082 1651 1177 1687 xen.
1198 1652 1307 1697 Cyr..
1335 1652 1398 1689 ubi
1418 1653 1566 1699 privum

51 1714 85 1737 v.
109 1705 211 1745 3756·-
243 1710 287 1734 ut
306 1701 384 1746 Stp.
403 1699 591 1736 volebatl.
608 1700 655 1742 l.,
690 1700 761 1736 iam
781 1699 950 1737 redditur
982 1699 1098 1746 phrasi
1123 1701 1342 1737 committere
1370 1700 1396 1737 s.
1417 1704 1567 1737 tradere

51 1750 89 1787 se
109 1750 200 1797 fidei
226 1749 400 1789 alterius,
430 1749 532 1795 quod
559 1748 774 1786 adiunaum
795 1749 930 1786 Nostro
960 1749 1074 1785 fuerit
1094 1749 1138 1783 ad
1157 1748 1413 1786 definiendum
1438 1751 1566 1799 magis.

51 1811 97 1836 ut
119 1798 324 1835 declaretur
342 1797 495 1838 modus,
533 1808 610 1844 quo
632 1799 715 1846 quis
733 1798 770 1834 se
787 1799 924 1839 tradat,
957 1798 1017 1834 vel
1047 1801 1082 1841 a)
1104 1804 1169 1844 per
1189 1799 1426 1837 Latinitatem
1449 1813 1568 1847 quan..

52 1851 157 1886 dam,
193 1846 241 1882 cf.
261 1848 306 1885 G.
328 1848 401 1883 Th.
425 1858 506 1892 197,
525 1859 581 1890 29.
606 1847 880 1897 mandax-efidei
898 1847 1052 1883 alicuius
1080 1848 1286 1894 pecuniam,
1325 1862 1421 1897 quae
1442 1851 1478 1885 Ι).
1504 1848 1567 1886 hic
1624 1860 1628 1871 ⁴

53 1899 102 1935 est
121 1895 252 1944 phrasis
276 1896 407 1943 partim
421 1920 431 1937 ,
460 1895 642 1938 severior,
675 1909 785 1941 quam
804 1899 867 1945 Bg.
881 1917 893 1934 2
921 1909 1015 1944 quae
1037 1896 1082 1932 ib.
1103 1897 1141 1932 in
1163 1898 1220 1942 fid.
1234 1902 1321 1942 655,
1342 1910 1397 1942 51.
1422 1911 1461 1935 et
1478 1900 1514 1934 in
1529 1911 1566 1934 ν.

52 1950 115 1994 Bg,
141 1949 242 1991 1046,
261 1954 318 1986 81.
336 1945 435 1993 sqq.‚
476 1946 534 1981 vel
561 1945 598 1991 b>
618 1958 682 1993 per
702 1948 904 1995 analogiam
927 1948 992 1981 Gr.
1016 1946 1110 1982 hanc
1129 1939 1184 1992 ap.
1207 1947 1311 1984 Polb.
1331 1950 1440 1989 &ofitus
1461 1946 1566 1985 αᾱτὲν

0 2013 3 2021 v
54 2001 100 2038 ‚ig
119 2001 206 2034 πίςιν
225 1993 314 2036 τινὲς
328 2019 338 2036 ,
363 1993 510 2049 erl-lud.
531 2007 563 2030 v.
583 2011 652 2034 τις.
665 2020 675 2037 ,
702 1995 766 2033 ubi
786 1995 1050 2042 redditurfidei
1070 1994 1106 2031 se
1126 1997 1216 2032 dare
1235 1997 1258 2033 s.
1272 1999 1498 2046 permittere,
1519 2009 1568 2035 ex

54 2059 90 2088 2,
111 2057 192 2090 549.
216 2058 263 2079 m.
292 2056 326 2090 p.
342 2043 393 2091 sq.
416 2057 439 2078 ι.
455 2057 486 2079 e.
508 2052 590 2090 804.
605 2057 673 2085 ιη,
707 2056 917 2093 quanquam
938 2057 977 2081 et
992 2045 1103 2082 -Polb,
1132 2045 1282 2082 duxerit
1302 2059 1322 2082 e
1341 2047 1419 2082 Lat.
1443 2047 1566 2084 severa

53 2095 213 2132 formula
234 2094 450 2128 committere
471 2091 495 2130 s.
515 2093 684 2139 conferre
695 2094 736 2142 se
754 2094 794 2131 in
815 2093 925 2131 fidem
946 2094 1115 2136 alicuius,
1139 2093 1187 2131 cf.
1205 2096 1249 2131 G.
1274 2095 1346 2131 Th.
1368 2097 1469 2145 wfid.
1483 2101 1568 2141 655.

56 2155 114 2188 ςς.
136 2143 183 2190 sq.
210 2142 356 2189 60.sqq.
376 2153 414 2178 et
434 2155 466 2176 ν.
486 2155 602 2178 comm.
628 2154 735 2189 1054,
753 2155 812 2187 92.
838 2144 880 2180 it.
901 2143 941 2180 in
961 2156 994 2178 v.
1011 2143 1274 2193 permitteres}
1295 2145 1336 2181 in
1348 2146 1456 2194 fidem
1480 2156 1568 2192 εις.

55 2192 188 2280 2dssqq¹
209 2195 309 2276 (lcum
322 2190 408 2276 gud.
428 2191 523 2238 Liv.)
545 2191 588 2229 it.
610 2191 650 2229 in
669 2205 704 2229 v.
726 2194 873 2230 tradere
890 2192 930 2229 in
949 2191 1111 2241 fidemse
1129 2197 1213 2236 826,
1231 2194 1344 2242 12.sq.
1365 2199 1568 2234 cuuxCort.

53 2255 72 2279 2
143 2255 159 2277 a
194 2269 202 2276 .
243 2252 299 2288 ug.
348 2253 382 2282 2,
403 2250 434 2286 3.

153 2293 195 2327 ln
215 2291 349 2338 quibus
367 2287 539 2326 formulis
549 2290 627 2329 Lat.
647 2301 686 2328 et
697 2292 763 2327 Gr.
784 2290 907 2330 sensus
925 2293 1066 2338 pendet
1085 2305 1103 2327 a
1123 2290 1283 2329 notione
1302 2292 1403 2331 subst.
1417 2295 1508 2342 fidei
1524 2307 1568 2332 ac

52 2346 174 2382 ηίςεως
188 2365 197 2380 ,
225 2351 319 2386 quae
357 2341 391 2385 1)
416 2339 564 2386 proprie
585 2341 636 2377 est
653 2339 766 2377 animi
787 2340 966 2389 persuafio
980 2354 1017 2379 et
1037 2340 1183 2389 opinio.
1206 2344 1365 2380 maxime
1384 2356 1495 2385 certa,
1519 2346 1578 2382 de-

54 2404 93 2428 re
112 2391 170 2426 vel
193 2389 302 2436 pers.;
339 2388 439 2425 unde
467 2389 607 2427 tradere
635 2389 671 2427 se
689 2388 777 2427 fidei
797 2389 952 2428 alicuius
971 2391 1044 2431 est,
1079 2390 1296 2439 permittere
1324 2394 1358 2429 se
1383 2393 1488 2431 alteri
1520 2407 1567 2432 ex

55 2438 240 2487 opinione
261 2449 302 2473 ac
323 2435 456 2473 fiducia
474 2438 562 2480 hac,
595 2439 700 2482 fore,
734 2451 779 2476 ut
796 2439 908 2476 faciat
924 2441 1034 2477 nobis
1054 2441 1192 2489 aliquid
1207 2466 1217 2484 ‚
1243 2442 1431 2484 curando,
1458 2456 1569 2481 tuen·

58 2489 129 2530 do,
156 2487 355 2528 servando,
382 2488 469 2528 rel„
495 2499 607 2536 atque
626 2499 847 2536 propterea,
882 2489 966 2535 quia
983 2490 1137 2533 scimus,
1172 2491 1357 2529 credimus
1380 2492 1569 2540 speramus

57 2550 154 2585 que.
187 2537 346 2584 aliquem
368 2535 436 2571 else
455 2537 563 2573 nobis
586 2538 765 2581 amicum,
797 2538 1024 2588 benignum.
1062 2541 1309 2587 prudentem,
1345 2540 1568 2590 sapientem.

57 2597 279 2635 potentem,
316 2585 353 2620 it.
379 2584 619 2633 diligentem,
646 2587 852 2628 curiosum.
878 2587 1110 2630 industrium,
1134 2591 1340 2634 honestum,
1361 2591 1568 2642 integrum,

57 2635 134 2673 fine
155 2635 245 2672 dolo
268 2647 306 2669 ac
327 2633 475 2677 fraude3
502 2637 604 2672 unde
629 2634 721 2673 fides
749 2639 783 2685 a)
803 2636 936 2685 opinio
956 2637 1002 2674 de
1026 2636 1100 2674 fide
1127 2640 1298 2680 alterius,
1333 2642 1383 2678 cf.
1404 2644 1459 2679 Cl.
1484 2642 1565 2678 Cic.

57 2685 100 2722 it.
120 2683 251 2732 opinio
273 2685 319 2719 de
339 2681 438 2720 fideli
460 2697 544 2722 cura
572 2684 753 2728 alicuius,
788 2687 828 2723 in
852 2699 930 2723 rem
957 2685 980 2722 s.
1002 2688 1092 2734 pers.
1118 2688 1391 2738 impendenda,
1433 2695 1470 2741 b)
1500 2705 1568 2740 pro

58 2732 134 2783 ipsa
156 2746 242 2771 cura
265 2733 437 2777 alterius,
463 2733 783 2774 administratione
800 2747 988 2786 operaque
1005 2736 1133 2781 fideti,
1170 2738 1290 2777 severa
1309 2741 1569 2791 legitimaque;
