1772 3158
449 147 754 197 ExcvRSvs
793 153 882 198 AD
915 151 1061 197 LIBR.
1093 151 1128 195 1«.
1445 150 1545 207 865

38 265 66 303 s.
84 264 218 314 igitur,
251 274 296 300 ut
320 263 485 300 nostrum
503 263 593 312 αζῘο,
628 262 780 310 proprie
799 261 909 299 etiam
939 262 984 298 de
1002 260 1114 297 modo
1135 259 1295 303 diflum.
1331 261 1392 299 sed
1414 261 1554 302 deinde

38 315 144 352 sensu
164 313 305 349 illativo
326 321 365 349 et
386 311 652 354 consecutivo‚·
665 323 878 359 quanquam
895 312 963 346 hac
983 311 1129 346 ratione
1147 310 1348 347 invertitur
1367 311 1459 347 ordo
1480 325 1551 349 no-

38 364 188 401 tionum
211 365 298 401 Gn,
325 373 418 410 quae
436 373 493 397 res
504 361 646 407 reliqua
669 362 717 396 est
737 373 888 407 quoque
909 361 947 395 in
969 360 1011 395 P.
1032 360 1173 406 itaque,
1199 371 1270 394 una
1291 372 1382 396 voce
1397 361 1549 407 scripto,

38 424 80 449 et
99 413 138 448 in
161 411 318 447 mediam
338 409 545 445 orationem
565 408 758 450 coniefi‘to²
793 410 855 445 ubi
876 409 959 444 sane
982 420 1049 454 pro
1070 407 1148 443 solo
1177 408 1233 442 ica
1256 408 1279 443 s.
1300 409 1417 455 {gitur
1437 410 1549 453 sumi-

38 472 124 502 tur,
149 471 316 507 peremto
333 457 437 494 sensu
458 458 614 504 copulae
631 471 716 505 que,
747 469 844 504 quae
871 457 962 492 olim
991 455 1065 492 vim
1086 455 1218 491 habuit
1236 456 1334 492 suam
1363 460 1401 494 in
1425 471 1548 495 enun-

38 508 214 545 eiationis
233 507 366 548 initio,
393 506 514 552 postea
532 520 622 548 vero
637 518 701 552 per
712 506 976 554 negligentiam
998 504 1232 540 librariorum
1248 515 1287 541 et
1300 519 1440 542 morem
1460 505 1546 542 scri-

39 558 152 595 bendi
187 556 311 592 omnia
339 555 431 591 serie
459 567 552 598 una,
583 555 811 601 tandemque
841 567 905 599 per
923 553 1143 599 scriptorum
1170 553 1276 590 usum
1297 556 1410 590 modo
1432 555 1549 592 valuit

38 619 109 654 pro
122 607 205 643 unis
224 606 296 642 iuis
308 605 364 642 ita
384 605 550 651 sugitur,
576 602 624 638 cf.
637 606 684 640 G.
695 603 770 639 Th.
795 615 832 638 et
844 605 936 640 Hor.
956 602 1065 639 Turs.
1087 609 1216 649 p.457.
1236 616 1284 638 m.
1338 605 1445 640 Unde
1466 617 1546 641 non

37 654 83 692 fit
100 656 223 692 severe
243 654 339 695 satis,
362 665 446 688 cum
469 652 635 689 aiiiiliud
648 653 714 688 (ΞΓ.
732 662 773 690 τὲ
792 657 829 694 δὴ
841 650 1007 688 similiter
1025 664 1090 702 p-er
1107 651 1222 687 solum
1245 653 1549 699 {girus-reddunt,

37 714 77 739 at
96 716 219 740 tamen
240 701 343 738 fimul
365 715 431 749 pro
455 714 533 738 mea
553 701 737 743 notionc;
770 715 854 737 cum
875 706 912 743 δὴ
935 713 1000 746 pro
1021 705 1075 737 ιύν
1097 701 1244 747 capiant
1261 702 1455 738 manifesto
1469 728 1479 742 ,
1506 709 1547 740 τὲ

36 751 185 800 prorsus
205 751 374 799 neglefio
387 776 397 791 ‚
427 763 497 785 nee
515 751 615 786 inam
634 751 709 786 vim
731 750 914 787 illativam
931 750 1112 791 habente,
1136 750 1198 785 sed
1216 762 1297 786 curn
1323 755 1360 793 δὴ
1378 751 1468 788 mihi
1481 764 1548 790 ,re-v

36 812 148 848 perto
177 800 288 836 etiarn
315 812 372 846 ap.
388 799 504 836 T-huc.
527 811 609 844 275,
629 805 687 843 64.
713 807 753 837 τὸ
776 803 910 846 ξύμπαν
937 804 977 836 τὲ
997 803 1033 840 δὴ
1052 811 1085 835 Α.
1109 799 1146 834 in
1174 799 1312 835 summa
1336 813 1422 837 vero
1438 825 1449 842 ,
1485 803 1547 846 (ut

34 849 136 896 ind.)
157 862 213 896 ap.
227 851 342 886 Dion.
361 850 411 885 H.
429 850 466 884 S.
489 850 533 884 T.
550 862 579 884 r.
601 859 683 895 339,
697 861 730 890 9.
749 858 979 896 quapropter,
1008 848 1080 893 (ed.
1097 847 1199 889 Rs.2,
1215 860 1277 894 ¹03
1290 862 1316 886 i.
1335 850 1403 893 l.4.
1416 852 1547 898 quare)

36 903 123 941 610,
141 912 200 942 41.
227 900 340 936 τεῦ-τά
369 915 409 935 τε
437 898 476 940 ὂῆ
496 897 551 940 aa.)
570 904 683 935 πολλὰ
701 896 797 942 ὅμοια
817 910 849 935 Α.
882 899 972 934 haec
995 898 1070 932 alia
1091 909 1165 944 que
1185 899 1320 938 multa,
1354 901 1456 945 (cum
1485 910 1546 945 eu,

36 950 98 986 Rs.
121 958 155 995 3,
180 955 283 992 1894.
305 948 328 982 1.
345 950 378 982 6.
406 947 582 994 oppreffis
598 952 638 983 τὲ
659 947 729 991 δὴ)
757 947 798 984 it.
819 951 901 990 657,
922 960 955 992 9.
975 957 1014 982 et
1032 946 1137 982 Arist.
1157 946 1260 982 Nub.
1282 959 1314 982 v.
1335 952 1392 984 60.
1420 949 1459 984 in
1481 950 1544 984 Vs.

36 997 136 1046 vulg.
156 995 326 1045 oppreffo
346 994 408 1038 δὴ,
447 997 549 1042 quod
576 995 626 1031 ibi
658 998 701 1032 ad
723 997 819 1033 Dev.
839 1009 873 1043 p.
891 1007 969 1040 109.
991 997 1039 1031 N.
1054 1007 1109 1041 34.
1131 995 1231 1031 Rsrn.
1258 999 1341 1032 vult
1368 1010 1435 1043 per
1465 998 1546 1035 Lat.

37 1048 90 1084 ibi
108 1057 204 1086 tum,
242 1058 301 1080 me
319 1044 470 1093 quidem
489 1045 668 1081 reddente
686 1043 753 1087 fic,
779 1056 887 1081 natus
905 1045 1063 1092 estfilius
1082 1044 1188 1081 hicce
1208 1046 1319 1085 nobis,
1345 1045 1436 1082 mihi
1449 1048 1550 1094 scili-

37 1105 92 1132 cet
112 1106 152 1131 et
170 1095 298 1135 uxori,
324 1093 387 1130 ubi
408 1094 447 1135 2»)
471 1095 584 1142 magis
606 1092 737 1130 definit
757 1104 795 1130 et
817 1093 998 1140 explicat,
1029 1095 1086 1138 (ut
1105 1095 1182 1130 Lat.
1202 1095 1290 1130 mihi
1307 1107 1380 1142 que
1398 1099 1483 1132 adeo
1509 1105 1549 1132 et

36 1146 178 1186 uxori,)
191 1154 231 1179 et
248 1149 288 1180 τὲ
308 1155 384 1179 non
406 1144 579 1179 cohaeret
597 1155 677 1178 cum
698 1143 759 1185 δή,
785 1155 828 1179 ut
847 1143 1000 1181 numbi.
1031 1143 1090 1179 sed
1103 1155 1186 1178 cum
1200 1143 1251 1190 sq.
1270 1145 1339 1185 καὶ,
1365 1156 1403 1180 ut
1421 1147 1548 1181 nostro

37 1195 124 1230 loco
147 1193 313 1240 pertinet
331 1192 376 1227 ad
393 1204 447 1239 pr.
467 1204 500 1226 v.
513 1208 592 1238 παρ.
608 1217 619 1232 ,
646 1192 749 1238 quod
763 1192 910 1240 respicit
930 1203 962 1228 v.
976 1189 1068 1238 ἔδοξε
1088 1192 1192 1240 §.1.,
1217 1197 1326 1239 iuper
1347 1193 1549 1230 coniune'ko

37 1249 78 1281 τὲ
95 1241 136 1285 διὶ
157 1242 252 1278 nihil
273 1255 333 1278 me
352 1253 539 1288 praeterea
558 1241 794 1287 reperiente,
821 1243 919 1286 (cum
942 1243 1021 1287 Stp.
1044 1243 1112 1277 Th.
1126 1254 1162 1285 4,
1178 1253 1256 1286 105.
1271 1243 1310 1277 E.
1321 1254 1352 1277 e.
1372 1244 1547 1289 Append-

38 1305 61 1328 e
81 1293 193 1327 Dem.
215 1303 293 1326 non
322 1287 487 1325 extiterit
507 1290 545 1325 in
571 1291 628 1325 Rs.
647 1291 744 1336 lnd.)
764 1302 805 1327 ut
825 1302 948 1327 tamen
969 1303 1176 1337 comparem
1197 1303 1277 1325 non
1303 1291 1416 1328 modo
1435 1293 1489 1333 mr.)
1507 1291 1548 1335 διὶ

38 1354 123 1377 cum
143 1342 267 1387 Hoog.
288 1338 332 1374 ad
355 1338 439 1385 Vig.
461 1339 524 1381 (cf.
542 1338 584 1373 ad
613 1350 644 1380 1,
662 1351 696 1378 2,
719 1341 770 1383 9.)
789 1339 850 1374 sed
872 1340 983 1375 etiam
1003 1344 1042 1375 τὲ
1059 1335 1134 1379 οὖν.
1169 1351 1227 1385 ap.
1245 1340 1364 1375 Nostr.
1385 1353 1423 1376 et
1443 1342 1549 1382 alios,

35 1389 81 1426 it.
101 1393 137 1426 δὲ
156 1388 219 1429 δή,
246 1400 321 1434 quo
343 1387 389 1422 de
412 1399 443 1422 ν.
462 1385 554 1422 Eud.
576 1388 618 1423 C.
638 1399 740 1432 1299,
762 1399 793 1431 5.
818 1390 894 1434 Stp.
908 1387 980 1422 Th.
1004 1391 1129 1433 1‚965.
1152 1388 1198 1423 G.
1220 1387 1244 1423 i.
1266 1389 1549 1435 DeV.p.102.e.

40 1449 122 1481 109.
143 1450 213 1478 m.‚
243 1435 288 1471 ad
309 1436 400 1471 Luc.
421 1448 454 1475 2,
475 1443 556 1478 875.
579 1437 629 1471 N.
648 1447 703 1480 59.
739 1435 792 1472 Fi.
815 1436 860 1472 ad
879 1437 968 1472 Plat.
988 1435 1143 1472 Theaet.
1163 1449 1201 1484 p.
1224 1447 1305 1484 139.
1348 1439 1428 1474 ind.
1448 1441 1547 1475 Xen-

36 1487 120 1524 Pol.
142 1488 184 1524 Z.
211 1498 245 1521 v.
273 1484 312 1528 διὶ
332 1497 363 1520 e.
404 1486 529 1531 Hoog.
550 1486 624 1532 Op.
653 1497 689 1531 p.
710 1489 793 1526 268.
826 1486 867 1521 ir.
890 1486 918 1521 δ’
937 1482 991 1522 οὖν
1021 1484 1072 1521 ib.
1103 1497 1140 1532 p.
1160 1498 1263 1530 271.,
1298 1484 1372 1523 five
1399 1493 1435 1526 δὲ
1465 1502 1552 1536 pro·

38 1536 121 1584 prie
142 1534 286 1582 capias,
316 1533 395 1581 (ubi
416 1544 456 1570 et
471 1534 648 1571 nostrates
665 1535 806 1572 habent
822 1537 910 1571 aber
927 1537 1029 1579 num)
1048 1533 1122 1571 five
1142 1547 1210 1583 pro
1230 1543 1291 1578 τὲ,
1316 1548 1361 1572 ut
1378 1538 1478 1574 alibi.

138 1614 251 1662 Qod
270 1627 393 1652 autem
414 1617 559 1653 Reusrn.
577 1615 636 1652 1.1.
659 1617 895 1663 comparabat
915 1628 999 1652 cum
1020 1618 1084 1653 Gr.
1107 1615 1145 1659 δὲ
1164 1617 1328 1655 nostrum
1345 1621 1410 1655 dee:
1433 1620 1552 1671 isi-,er

42 1664 79 1702 fe
97 1678 176 1702 non
198 1664 385 1711 improbo,
411 1678 494 1701 cum
515 1678 559 1701 ex
580 1664 648 1701 isto
665 1665 834 1702 sermone
854 1665 975 1709 noster
995 1666 1143 1703 duxerit
1165 1667 1282 1713 plura,
1307 1668 1474 1717 istudque
1490 1674 1552 1716 da,

39 1715 175 1751 leviter
194 1713 431 1750 immutatum
454 1715 492 1750 in
512 1713 654 1754 v'ocali,
680 1726 760 1750 non
780 1715 892 1750 modo
912 1714 1132 1751 adhibeatur
1152 1716 1198 1751 de
1216 1716 1323 1759 loco,
1354 1717 1416 1754 sed
1438 1721 1553 1759 etiam.

40 1765 89 1800 d'e
106 1775 293 1809 tempore,
322 1763 384 1798 ubi
408 1775 474 1809 pro
495 1763 570 1799 Lar.
592 1773 665 1798 tum
682 1762 707 1800 s.
725 1773 808 1799 tunc
827 1764 1004 1810 ponitur,
1038 1762 1078 1800 in
1105 1762 1234 1811 primis
1258 1765 1298 1800 in
1319 1768 1494 1814 apodosi,
1524 1770 1552 1808 ss

41 1812 108 1849 stat
130 1814 268 1852 solum;
300 1823 343 1848 ut
362 1812 402 1854 ὂῆ
418 1823 506 1847 cum
527 1809 610 1848 τίτε
631 1811 680 1848 est
702 1813 827 1859 potius
845 1813 926 1855 Lat,
946 1815 1099 1853 demum,
1137 1824 1205 1859 pro
1225 1814 1399 1858 tandem,
1438 1831 1552 1865 quam

40 1863 121 1899 Lat.
143 1873 248 1910 υενρς
281 1861 382 1897 unde
398 1861 434 1896 h.
454 1862 478 1899 Ι.
500 1861 569 1897 effe
590 1860 717 1908 poffit,
743 1863 1057 1910 denum-intumque
1076 1861 1126 1898 est
1144 1873 1226 1898 tunc·
1239 1889 1250 1905 .
1278 1864 1369 1912 (und
1378 1866 1420 1901 da
1439 1867 1482 1917 {st
1498 1871 1555 1909 alf

41 1913 99 1947 len
122 1908 382 1958 augekz'indigct
401 1912 575 1956 worden,)
607 1909 719 1945 etiam
747 1911 840 1947 adeo
862 1923 930 1958 pro
949 1913 1000 1949 νῦν
1018 1911 1063 1947 de
1084 1923 1276 1957 tempore,
1312 1915 1390 1952 Lat.
1417 1929 1508 1954 nunc
1527 1918 1552 1954 s.

42 1961 137 2002 iam,
170 1959 394 2004 (nunmehr,
423 1961 544 2004 ietzt,)
567 1959 700 2006 quibus
721 1958 826 1996 affine
849 1959 948 2006 prius
968 1970 1070 2001 tunm
1104 1971 1146 1997 ut
1166 1960 1321 2008 semper,
1348 1976 1554 2011 quamcun-

44 2021 120 2057 que
139 2008 337 2044 notionem
360 2007 493 2063 eligas·
526 2008 588 2045 hic
610 2019 738 2055 aptum
761 2007 802 2044 sit
822 2009 882 2052 313,
913 2020 952 2045 et
977 2011 1072 2044 maie
1093 2023 1110 2046 a
1133 2011 1204 2045 Ms.
1232 2023 1417 2056 tentetur,
1450 2014 1474 2051 fi
1497 2016 1554 2054 vis

43 2069 172 2095 tamen
195 2055 460 2099 intercesserit,
495 2069 565 2093 nec
591 2057 689 2094 casus
715 2057 914 2100 fortuitus,
949 2069 993 2095 ut
1014 2058 1173 2107 clapsum
1194 2058 1238 2096 fit
1261 2060 1398 2099 scribae
1418 2064 1553 2107 invito.

142 2140 200 2175 De
222 2151 255 2176 v.
277 2153 431 2185 tagaw.
452 2138 499 2176 cf.
522 2139 611 2177 Eud.
632 2141 672 2183 C,
699 2148 777 2186 103,
799 2151 833 2182 7.
867 2149 949 2186 845,
970 2153 1021 2186 5²·
1056 2143 1136 2188 Stp.
1157 2142 1232 2178 Th.
1261 2143 1350 2191 (qui
1374 2146 1556 2184 notiones

44 2187 122 2226 fine
142 2188 246 2224 causa
266 2189 449 2228 cumulat.
477 2190 676 2226 commode
693 2188 737 2224 ad
757 2189 837 2226 inas
856 2187 895 2225 in
909 2191 949 2227 L.
964 2191 1045 2226 [ἐτη.
1064 2191 1314 2239 revocandas,)
1336 2197 1554 2235 Ind.'1‘huc.

43 2240 139 2276 Xen.
158 2239 252 2282 ’.Α-ιβ.
276 2237 373 2273 Heli.
395 2237 475 2274 Pol.
498 2250 536 2274 et
557 2239 641 2285 Cyr.
669 2238 710 2274 it.
733 2238 846 2274 Diod.
868 2241 903 2275 S.
925 2251 1008 2276 cum
1031 2241 1140 2281 Luc..
1175 2253 1240 2288 per
1269 2243 1402 2280 variam
1424 2246 1556 2282 restio-

45 2299 156 2328 nem,
192 2285 383 2328 absolute,
415 2285 454 2322 it.
480 2299 562 2324 cum
582 2299 655 2323 acc.
677 2286 749 2328 rei,
785 2287 826 2323 ic.
851 2299 937 2324 cum
968 2290 1040 2327 dat.
1069 2288 1157 2336 pers.
1181 2302 1218 2327 et
1239 2290 1343 2328 simu!
1366 2304 1448 2331 cum
1470 2295 1556 2339 inf..

43 2337 88 2373 it.
113 2347 258 2373 tantum
284 2347 368 2372 cum
393 2335 480 2377 inf..
518 2336 557 2372 ir.
581 2349 664 2374 cum
684 2349 829 2385 praep..
866 2349 904 2373 et
932 2337 1012 2384 paff.
1035 2338 1081 2375 de
1109 2351 1172 2379 re,
1208 2339 1268 2376 sed
1287 2341 1363 2376 imi.
1386 2343 1436 2378 Fi.
1458 2345 1555 2383 The.

44 2387 231 2427 „verbum
253 2384 471 2432 proprium,
501 2385 603 2433 quod
626 2386 672 2422 de
698 2385 986 2432 imperatoribus
1015 2399 1126 2436 atque
1151 2388 1306 2427 ducibus
1328 2392 1558 2430 adhibetur«

45 2434 120 2471 {ive
139 2432 243 2481 ipsus,
277 2433 531 2482 maximeque,
559 2433 629 2471 sive
649 2447 716 2481 per
735 2436 848 2476 alios,
882 2448 936 2483 ap.
955 2437 1032 2472 Lat.
1054 2438 1169 2485 vulgo
1189 2439 1384 2486 imperare,
1422 2440 1463 2479 ir,
1483 2446 1555 2480 effli-

46 2496 149 2524 cere,
179 2481 385 2531 (arisagen).
420 2483 482 2520 sed
502 2484 666 2521 severius
685 2485 919 2527 denunciare,
946 2496 989 2522 ut
1006 2486 1076 2521 ni.
1099 2500 1154 2529 ap.
1176 2490 1288 2534 lnttp.
1309 2490 1389 2527 Lat.
1412 2495 1483 2539 (ap.
1503 2497 1553 2531 G.

47 2534 124 2569 Th.
145 2544 228 2568 cum
250 2531 313 2567 Gr.
333 2543 372 2568 n.
399 2544 439 2570 et
456 2531 615 2570 notione
634 2532 760 2571 eadem
789 2533 987 2574 „futurum
1009 2535 1145 2582 aliquid
1171 2538 1370 2581 nunciare,
1404 2552 1443 2576 et
1470 2541 1573 2579 cum'

48 2581 205 2629 quadam
226 2580 463 2623 austeritate,
488 2594 590 2620 certe
609 2582 897 2624 asseveratione,
921 2584 1159 2631 praedicereu
1189 2585 1298 2623 nobis
1315 2586 1554 2640 ankiimlt‘gen.

46 2630 91 2667 it.
119 2628 398 2679 verkiindigen,)
428 2630 474 2666 cf.
496 2631 596 2668 Suid.
618 2640 651 2676 3,
673 2636 728 2667 26.
753 2645 801 2668 m.
820 2632 868 2679 sq.
892 2645 925 2679 p.
944 2632 994 2679 sq.
1017 2631 1039 2667 i·
1071 2646 1125 2673 4⁴?-
1147 2633 1192 2675 ἰ,
1217 2638 1309 2684 (quo
1329 2640 1384 2674 uti
1407 2653 1555 2686 poterat

46 2679 130 2727 Stp.
150 2679 222 2716 Th.
242 2691 275 2720 1,
295 2692 351 2715 2².
373 2679 414 2727 i.)
439 2680 613 2726 ἐθελονταὶ
631 2676 871 2728 παρήγγελλον
887 2687 934 2723 εἰς
953 2688 1009 2718 τὸν
1027 2688 1226 2727 κείνω-ἔλεγον.
1252 2684 1298 2722 [ὁ.
1316 2685 1468 2734 {ava-004,
1495 2690 1556 2728 de-

23 2727 149 2776 „ferre
166 2727 226 2774 se,
252 2729 277 2767 i.
297 2741 438 2768 nomen
460 2729 583 2771 suum,
617 2741 659 2769 ut
681 2729 899 2770 nostratium
909 2732 988 2777 fich
1008 2731 1210 2781 anzeigen,
1236 2737 1402 2784 angeheri.

824 2825 917 2871 Iii
