1772 3158
195 112 295 164 798
604 110 900 158 EXCVRSVS
937 114 1022 158 AD
1054 115 1199 163 LIBR.
1234 116 1269 160 Ι.

288 221 348 257 De
366 220 430 270 ng.
449 232 530 258 non
549 219 699 259 dixerim
712 249 723 266 ‚
750 224 847 260 unde
865 223 1090 266 reddiderit,
1116 238 1135 261 e
1155 225 1219 273 P..
1243 237 1288 262 an
1308 238 1329 262 e
1349 225 1410 264 Sb.
1430 227 1513 264 Ind.
1526 250 1538 269 ,
1566 227 1630 265 ubi
1642 240 1686 266 ex

189 268 227 306 h.
246 268 271 305 1.
300 280 367 316 ,,φ.
385 280 578 319 proventus
595 270 620 308 s.
640 277 839 319 εὐφοςίοι,-
857 278 946 319 φὀςόι
962 279 1162 318 χρημάτων,
1182 274 1399 311 affluentia«
1425 287 1468 313 ut
1479 277 1639 324 zap-Poll.
1655 289 1689 320 ι.

191 329 250 363 51·
272 319 438 356 redditur
455 329 491 366 φ.
510 320 629 368 copia,
657 331 694 356 et
716 333 746 362 r,
768 332 847 369 237·
862 331 1076 369 proventus,
1113 322 1175 359 sed
1197 322 1242 358 ad
1259 325 1358 359 Sext.
1376 324 1417 360 Ε.
1438 335 1568 372 p.379.
1588 327 1638 362 N.
1649 338 1685 369 9.

185 379 444 414 „pi-eventus,
479 380 595 416 genus
616 379 653 404 et
672 369 784 407 veluti
805 370 915 412 festa,
950 369 991 406 it.
1012 382 1132 412 aetas,
1161 371 1311 419 proprie
1338 373 1543 411 multitudo
1570 372 1684 422 atque

185 418 363 453 ubertas«
387 429 464 454 tum
486 418 607 464 Geop.
634 431 664 459 r,
687 427 718 460 8.
738 431 770 454 2.
795 425 888 456 σίτου
907 424 994 466 φορὰ
1010 425 1166 460 πολλῆ-
1182 417 1274 464 zm,
1299 419 1479 458 frumenti
1489 421 1683 467 fertilitas

185 476 319 514 magna
334 467 426 507 erit,
458 465 491 512 §.
512 471 547 503 6.
570 467 683 503 multa
706 467 826 515 copia,
859 469 892 516 §.
916 480 949 512 7.
968 468 1082 504 multa
1097 467 1305 512 fertilitas,
1340 469 1383 507 it.
1400 470 1434 517 §.
1457 473 1535 512 12'.,
1572 471 1632 508 sed
1649 465 1684 518 §.

188 525 248 551 10.
269 525 351 550 cum
373 513 449 562 syn.
467 520 563 551 σίτου
581 521 742 561 &axla-cu
763 522 851 564 φορὰ
869 515 923 559 καὶ
944 521 1055 554 ἐλαίου
1075 519 1237 564 edonem,
1259 517 1448 565 frumenti
1473 519 1579 566 copia
1606 521 1684 556 exi-

179 576 279 612 gua»
313 563 388 600 olei
399 564 609 610 fertilitas,
645 576 681 601 at
705 577 758 606 ιο,
782 577 811 607 ι,
831 579 864 611 4.
886 569 1034 610 ταχεῖαν
1056 570 1159 612 φορῐκν
1179 574 1242 604 τῶν
1261 575 1417 614 καρπῶν,
1456 568 1572 605 citum
1594 568 1683 616 ipsi),-

183 625 264 649 rum
282 612 710 661 fruf'mumprqventum,
735 614 826 650 Eud.
847 616 890 650 C.
915 626 930 658 5
939 625 994 660 39,
1019 624 1074 660 37.
1099 617 1243 651 ubertas
1261 627 1300 653 et
1315 617 1435 663 copia,
1457 618 1620 664 Stp.Th.
1643 631 1685 663 4,

184 670 244 702 88.
263 663 303 697 F.
321 675 352 700 e.
370 660 447 708 sqq.
465 671 678 710 proventus,
706 675 776 698 nec
796 664 897 700 hunc
914 674 1047 699 tenens
1066 665 1216 707 locum,
1242 677 1313 701 nec
1330 664 1504 706 fimilem,
1532 666 1572 701 L.
1593 666 1681 706 Ern-

182 711 253 756 ,‚4)
269 711 473 755 feracitas,
505 711 649 747 ubertas
663 736 673 754 ,
696 719 917 759 proventus«
943 711 990 748 cf.
1000 713 1136 749 Thorn.
1157 715 1209 751 M.
1228 723 1357 762 p.899.
1389 714 1465 749 lnd.
1488 716 1526 751 R.
1542 717 1608 751 Or.
1630 717 1676 751 V.

182 774 217 805 4.
238 770 275 795 et
297 761 405 796 Dem.
430 772 513 795 cum
539 759 649 797 Weff.
671 760 715 795 ad
737 761 847 797 Diod.
867 762 903 797 S.
925 774 959 803 2,
980 773 1058 806 124.
1080 763 1129 799 N.
1146 775 1200 808 19.
1218 775 1256 799 et
1275 765 1340 800 Gs.
1357 763 1402 799 ad
1423 764 1511 799 Luc.
1538 777 1572 804 2,
1596 773 1679 809 859.

180 810 231 846 N.
253 812 310 853 76.
357 811 430 844 Iam
457 811 518 857 ssg.
543 820 598 856 ap.
618 810 662 845 G.
682 809 754 845 Th.
781 830 848 851 ‚‚—
870 821 975 846 ortus
1001 810 1026 845 s.
1046 811 1186 848 reditus
1212 824 1291 848 non
1311 822 1454 848 tanturn
1486 813 1678 855 bonarum,

179 857 245 895 sed
267 857 376 894 etiam
397 858 571 894 malarum
592 870 723 901 rerum,
736 876 776 886 -·
793 872 861 906 pro
877 858 1047 899 successu,
1067 859 1310 910 -Jiaeperioris
1330 860 1507 906 temporis
1525 869 1680 908 proven.

181 913 272 944 καί(
298 905 345 940 cf.
365 907 444 942 Ind.
460 908 531 942 Iul.
556 906 655 942 Caes.
681 908 775 944 Plin.
798 909 875 944 lust.
904 910 1026 945 Amm.
1044 910 1097 944 M.
1124 920 1163 946 et
1182 908 1259 945 Liv.
1285 909 1539 957 ‚ffecumlarum
1557 922 1680 947 rerum

174 956 278 992 velut
301 967 504 1002 proventus
514 955 654 1003 secutus
671 955 730 1003 est.
775 958 923 1005 Nempe
932 967 1125 1005 proventus
1143 957 1182 994 in
1196 959 1330 994 bonam
1350 970 1489 1005 partem
1508 958 1561 994 dr.
1572 982 1583 999 ‚
1609 959 1677 994 Gr.

179 1009 299 1052 spofha‘f
324 1001 365 1040 in
383 1003 516 1052 quibus
536 1003 629 1040 nihil
643 1005 690 1041 est
701 1004 815 1043 limile
833 1007 954 1043 nostro
973 1006 1071 1049 loco,
1093 1019 1203 1055 quam
1215 1007 1306 1043 istud
1320 1007 1419 1044 Caes.
1431 1005 1550 1054 super.
1564 1011 1679 1055 temp.

170 1060 394 1103 ¹proventus,
430 1052 493 1089 ubi
518 1053 669 1100 quidem
695 1066 780 1092 cum
799 1053 902 1092 subst.
927 1057 1095 1104 temporis
1114 1055 1247 1098 etiam,
1283 1057 1344 1093 sed
1366 1067 1409 1091 ut
1426 1055 1598 1098 dubites,
1630 1066 1679 1093 an

179 1103 313 1139 eodem
333 1102 435 1138 sensu
449 1127 459 1142 ‚
485 1102 694 1139 tacentibus
711 1105 760 1140 N.
780 1106 825 1141 ad
846 1104 945 1144 Caes.
966 1105 1001 1141 b.
1026 1103 1105 1140 (Σίν.
1128 1118 1162 1146 2,
1185 1115 1244 1151 38.
1263 1118 1296 1141 2.
1315 1118 1368 1146 e.,
1395 1103 1457 1140 sed
1478 1104 1558 1141 Ind.
1577 1106 1681 1141 Mor.

177 1152 259 1189 fere
277 1164 360 1188 cum
382 1153 446 1188 Gs.
468 1152 543 1187 Th.
566 1152 789 1199 explicante,
815 1165 858 1190 ut
874 1152 918 1191 fit
934 1165 1003 1200 pro
1021 1153 1176 1191 successu
1195 1156 1309 1198 bono,
1330 1152 1546 1190 i.felicitate
1564 1153 1589 1189 s.
1602 1152 1680 1190 for-

177 1213 292 1242 tuna,
317 1202 425 1236 rebus
445 1209 484 1236 et
502 1198 638 1237 casibus
653 1200 845 1246 secundis,
874 1203 1002 1243 laem,
1028 1202 1156 1244 bonis;
1195 1204 1238 1240 ad
1257 1214 1368 1251 quarn
1386 1202 1570 1238 rationem
1594 1203 1632 1239 h.
1649 1202 1678 1238 l.

176 1250 294 1288 fuerit
309 1274 318 1290 ,
344 1250 440 1286 illius
458 1250 636 1295 temporis
651 1250 822 1295 felicitas
841 1251 867 1288 s.
878 1251 1061 1296 fortuna,
1097 1252 1208 1288 nobis
1234 1254 1290 1288 die
1314 1249 1584 1300 Gliickfiligkeit
1609 1251 1680 1288 sei-

175 1312 245 1336 ner
268 1299 388 1334 Zeieen
412 1297 436 1334 s.
455 1299 560 1338 Zeit.
591 1298 708 1336 seines
727 1301 946 1343 Zeitalters‚
981 1300 1005 1336 s.
1027 1313 1091 1347 per
1113 1300 1218 1338 subst.
1241 1313 1280 1338 et
1308 1301 1403 1344 adi„
1439 1309 1571 1349 tempus
1598 1298 1678 1336 eius

169 1349 292 1397 felix,
326 1346 581 1388 fortunatum,
612 1346 653 1383 in
679 1350 782 1395 quod
811 1347 874 1385 ille
903 1347 1058 1391 inci-dit,
1092 1361 1166 1396 quo
1195 1349 1258 1386 ille
1283 1350 1377 1386 vixit
1402 1360 1442 1385 et
1465 1348 1678 1396 imperavit,

173 1409 339 1444 magnum
357 1407 552 1432 numerum
572 1396 733 1432 virorum
754 1397 962 1445 sapientum
979 1399 1087 1439 tulit,
1114 1397 1236 1446 quod,
1266 1410 1374 1446 tropo
1392 1409 1541 1434 remoto
1554 1421 1566 1438 ,
1591 1395 1679 1433 feli-

173 1447 280 1483 cibus
301 1444 372 1481 istis
393 1444 618 1490 temporibus
637 1444 781 1491 imperii
804 1446 904 1487 eius,
937 1446 962 1482 s.
985 1446 1118 1493 quibus
1138 1446 1201 1482 ille
1223 1446 1441 1493 imperavit,
1466 1446 1606 1483 multos
1625 1444 1677 1483 sa·

174 1495 323 1545 pientes
344 1506 383 1529 ac
406 1493 532 1529 doctos
551 1494 725 1536 extitisse,
751 1494 876 1536 fuiss'e,
909 1506 1010 1530 ortos
1029 1495 1099 1531 effe
1117 1507 1158 1530 ac
1176 1506 1356 1542 repertos.

266 1546 311 1580 ln
331 1555 406 1590 quo
426 1541 509 1578 sane
526 1542 575 1578 est
590 1542 771 1580 sententia
788 1543 1006 1583 commoda,
1040 1543 1102 1579 sed
1126 1543 1280 1583 dubito,
1314 1555 1361 1579 an
1380 1542 1465 1579 usus
1492 1541 1678 1590 loquendi

173 1606 231 1641 ap.
251 1594 315 1629 Gr.
335 1591 550 1638 scriptores;
577 1603 654 1627 non
670 1604 729 1628 me
747 1601 904 1634 tenente
925 1593 1047 1628 locum
1064 1593 1190 1633 alium,
1216 1592 1282 1628 ubi
1298 1602 1336 1638 φ.
1355 1591 1400 1627 lit
1416 1592 1442 1628 i.
1456 1604 1490 1640 q.
1508 1591 1676 1634 fortuna.

172 1640 353 1682 felicitas,
387 1639 565 1676 secundus
587 1653 629 1675 ac
646 1641 734 1676 felix
751 1639 876 1677 cursus
891 1665 902 1682 ,
939 1641 1052 1677 status
1072 1652 1112 1677 et
1128 1640 1321 1684 conditio,
1357 1640 1418 1677 sed
1437 1640 1551 1676 modo
1570 1641 1678 1683 haec.

170 1690 276 1729 Suid.
297 1701 330 1736 3,
349 1695 431 1736 ⁶²3·
450 1701 497 1724 m.
524 1693 628 1735 φορὰς
643 1711 654 1730 ,
680 1687 808 1734 ὁρμὰς,
837 1683 856 1732 ἢ
877 1691 1018 1735 nixae,
1038 1690 1186 1737 impetus
1201 1690 1227 1726 s.
1243 1689 1362 1738 casus,
1396 1689 1520 1726 Schol.
1538 1688 1672 1725 Aesch-

171 1739 343 1786 Choeph.
364 1751 396 1773 v.
410 1748 491 1783 35¹.
512 1743 618 1783 τάφον
635 1758 674 1766 —·
693 1736 889 1784 εὐφόρητον,
908 1760 948 1769 ·-·
963 1744 1037 1776 ἀντὶ
1062 1742 1123 1775 τοῦ
1140 1743 1281 1783 εὐτυχῆ.
1331 1743 1419 1786 φορὰ
1435 1743 1503 1784 ’γᾶς
1529 1743 1548 1780 ἧ
1566 1743 1674 1783 τύχη,

170 1800 249 1837 quo
280 1787 327 1823 de
353 1786 599 1834 pronunciata
620 1787 860 1824 Grammatici
887 1800 1010 1825 tamen
1034 1797 1073 1823 et
1097 1788 1203 1824 sensu
1233 1786 1380 1825 dubitat
1408 1787 1495 1824 Abr.
1514 1788 1613 1823 Ann.
1635 1788 1673 1827 23

168 1850 277 1885 432„
315 1836 411 1872 Pavo
437 1836 548 1872 etiam
570 1834 644 1872 alio
672 1835 880 1873 inclinante
899 1838 946 1873 T.
961 1849 994 1873 2.
1017 1847 1054 1883 p.
1077 1847 1179 1873 1020.
1198 1837 1231 1871 b.
1254 1849 1324 1878 m.,
1356 1847 1399 1873 ut
1415 1847 1538 1872 tamen
1557 1842 1674 1883 copud

169 1888 297 1924 lentur
324 1896 477 1933 quoque
504 1897 560 1931 ap.
586 1886 695 1921 Dem.
718 1889 796 1931 316,
823 1889 881 1922 26.
916 1884 1097 1932 ἀνθρώπων
1123 1892 1232 1931 τύχην
1261 1892 1363 1928 κοινὴν
1387 1884 1442 1927 καὶ
1467 1891 1572 1931 φοράν
1597 1896 1673 1922 τινος

170 1940 381 1982 πραγμάτων
409 1939 583 1978 χαλεπὴν,
618 1944 657 1970 et
682 1947 740 1981 ap.
763 1937 875 1982 Greg.
895 1936 946 1971 N.
974 1933 1167 1977 αὐτόματον
1194 1939 1299 1980 φορὰν
1316 1946 1355 1970 et
1381 1939 1586 1978 συντυχίαν,
1620 1930 1676 1968 cfi.

168 1985 259 2023 Bud.
278 1986 321 2020 C.
345 1993 428 2030 539,
447 1995 504 2027 47.
525 1993 564 2018 et
580 1984 742 2030 Stp.Th.
764 1998 799 2029 4,
817 1991 875 2024 88.
891 1986 934 2019 C.
948 1996 1016 2025 m.,
1043 1984 1132 2020 licut
1149 1996 1237 2020 nota
1255 1983 1342 2020 sunt
1359 1981 1461 2028 φοςδς
1480 1993 1518 2018 et
1530 1980 1669 2028 εὔφορος

170 2035 218 2070 de
239 2044 357 2069 vento
379 2031 545 2072 ferente,
581 2031 741 2068 secundo
761 2045 802 2068 ac
822 2031 946 2074 felici,
970 2044 1005 2068 v.
1024 2034 1165 2068 D'Orv.
1186 2033 1254 2069 Cb.
1276 2044 1316 2078 p.
1333 2035 1417 2069 661.
1436 2043 1465 2067 e.
1497 2030 1606 2068 Wess'.
1624 2030 1670 2066 ad

167 2082 284 2120 Diod.
306 2083 341 2116 S.
363 2093 394 2122 1,
413 2084 490 2126 685.
511 2082 556 2116 N.
576 2084 631 2121 86.
667 2082 756 2118 Abr.
779 2081 883 2119 Aust.
898 2082 947 2117 D.
967 2081 1039 2116 Th.
1067 2094 1101 2127 p.
1120 2090 1203 2126 319.
1223 2093 1256 2117 e.
1287 2080 1369 2117 Ind.
1394 2079 1508 2117 Fisch.
1528 2079 1602 2116 Pal.
1629 2089 1673 2116 et

167 2133 264 2170 Xen.
288 2130 408 2172 Heu„
442 2129 542 2166 unde
558 2129 712 2166 fortaffis
733 2130 880 2172 elicias,
904 2134 1008 2176 φορὰν
1026 2130 1096 2168 ess'e
1111 2130 1212 2177 polse
1232 2130 1395 2172 cursum,
1423 2139 1580 2170 motum,
1602 2127 1671 2165 stab

167 2192 249 2218 turn
283 2179 482 2215 secundum
508 2177 754 2227 felicemque,
796 2190 835 2216 et
863 2180 957 2216 adeo
985 2179 1026 2216 in
1055 2179 1265 2217 universum
1294 2178 1483 2216 fortunam
1520 2189 1560 2215 et
1582 2177 1670 2215 feli-

164 2240 330 2267 citatem.

260 2277 435 2325 Alioqui,
461 2275 485 2312 fi
506 2282 593 2323 φορὰ
617 2276 666 2312 est
680 2278 757 2313 Lat.
775 2287 901 2321 aetas,
925 2288 968 2314 ut
985 2277 1089 2325 supra
1107 2278 1152 2315 ad
1170 2277 1207 2313 S.
1226 2277 1333 2327 Emp.
1352 2276 1619 2325 explicabatur,
1645 2275 1671 2320 ,ξ

165 2335 230 2366 τῶν
247 2345 276 2364 κ.
297 2336 335 2372 φ,
362 2326 467 2374 poffit
485 2325 600 2361 videri
617 2325 834 2363 nostratium
857 2327 1085 2363 contrafium
1102 2327 1302 2368 Zeitalter,
1335 2338 1376 2363 et
1398 2329 1475 2363 Lat.
1494 2336 1625 2375 tempus
1641 2324 1669 2362 ss

158 2376 314 2427 spatium
332 2375 480 2415 aetatis,
506 2386 694 2419 temporum
707 2400 717 2416 ,
754 2376 801 2412 cf.
826 2377 873 2412 G.
892 2377 927 2411 T
931 2377 987 2418 h.,
1024 2376 1086 2413 ubi
1114 2387 1154 2411 et
1173 2375 1248 2411 Cic.
1285 2385 1421 2412 aetates
1433 2375 1669 2424 saeculorum;

166 2427 213 2462 ad
230 2437 339 2473 quam
360 2425 541 2460 rationem
561 2423 711 2461 finxeris
731 2435 769 2460 et
782 2435 974 2473 temporum
992 2435 1156 2467 aetatem,
1183 2438 1203 2461 e
1216 2426 1283 2460 Gr.
1306 2425 1419 2472 inagis
1432 2424 1579 2465 ordine,
1601 2423 1666 2472 qui

161 2473 216 2511 est
234 2475 342 2521 plane
362 2473 401 2509 in
420 2473 486 2508 illo
504 2474 615 2509 Vern.
637 2484 745 2514 ante;
769 2473 871 2510 unde
891 2474 1016 2510 existat
1034 2473 1133 2511 idem
1151 2473 1298 2514 sensus,
1328 2473 1391 2521 qui
1411 2473 1452 2509 in
1472 2485 1524 2520 pr.
1549 2470 1666 2520 expli-

162 2524 334 2564 catione,
370 2533 413 2558 ut
433 2530 624 2570 temporum
644 2522 742 2558 illius
762 2533 865 2559 aetas
880 2524 1018 2560 multos
1041 2523 1168 2559 dostos
1189 2523 1337 2565 tulerit,
1362 2522 1546 2569 multique
1563 2519 1666 2558 docti

162 2571 308 2608 fuerint
317 2582 529 2618 temporum
542 2570 641 2607 illius
652 2582 792 2614 aetate3
820 2584 948 2609 verum
958 2583 1003 2608 ut
1019 2572 1126 2608 ethic
1144 2571 1246 2608 usum
1265 2570 1445 2620 loquendi
1466 2568 1663 2617 requiram,

162 2631 203 2658 et
219 2632 265 2656 an
284 2631 321 2666 φ.
342 2619 386 2655 fit
407 2631 491 2654 vere
513 2619 598 2656 alibi
626 2632 690 2667 pro
709 2631 830 2657 aetate
849 2619 954 2657 sensu
973 2622 1070 2662 hoc,
1102 2633 1178 2667 quo
1207 2621 1320 2657 habet
1346 2619 1544 2657 notionem
1568 2629 1664 2654 tem-

192 2669 290 2713 oris;
330 2666 395 2704 etsi
422 2667 513 2705 illuc
533 2668 685 2705 forcaffis
713 2668 853 2716 profint
873 2671 985 2710 haec,
1021 2670 1123 2717 quod
1142 2678 1183 2715 φ.
1205 2670 1256 2706 dr.
1287 2670 1333 2704 de
1356 2678 1463 2705 motu
1485 2679 1527 2702 ac
1546 2667 1663 2710 cursu,

180 2717 226 2759 ed
246 2718 286 2759 in
306 2728 478 2766 tempore
496 2718 571 2756 tale
587 2717 679 2768 quid
698 2717 810 2757 etiam
828 2718 1044 2771 cogitamus.
1070 2729 1267 2766 rerumque
1281 2717 1535 2756 succeffionern
1548 2727 1663 2766 quan-
