1772 3158
469 101 766 148 EXCVRSVS
801 101 886 145 AD
921 100 1067 146 LIBR.
1101 100 1138 146 Ι,
1453 109 1553 154 775

141 213 263 256 Tum,
294 209 318 248 fi
345 211 634 260 imperatorum,
666 227 684 248 a
704 212 840 250 Nostro
864 212 1107 260 scriptorum,
1148 209 1278 247 seriem
1289 207 1312 252 ,'
1338 208 1382 247 ad
1402 209 1435 257 §.
1455 220 1487 255 5.
1505 222 1555 246 m.

49 263 295 311 propositam,
324 264 602 299 accommodare
612 265 655 299 ad
673 265 769 298 hanc
779 274 817 298 et
827 275 880 309 pr.
894 261 928 308 §
945 260 1163 297 debeamus:
1188 260 1284 296 iniis
1294 272 1373 296 non
1385 259 1553 295 laboran-

47 315 152 352 dum,
185 311 246 358 qui
265 316 494 357 ἓπμηκέςεςσν
514 310 617 356 ἔσχον
634 311 694 354 τὴν
711 311 839 358 ἀρχὴν,
867 319 909 347 ut
929 322 974 346 eo
994 309 1200 345 referantur
1214 309 1464 350 Commodus,
1489 309 1554 344 Se-

47 373 158 409 verus
176 372 214 396 et
231 360 450 396 Alexander.
497 361 570 395 Sed
591 361 708 396 maior
731 360 924 397 difficultas
944 357 1034 394 mihi
1055 357 1207 404 quidem
1228 357 1350 393 oblata
1371 359 1421 393 est
1439 356 1480 393 in
1491 356 1553 398 iis.

9 408 13 412 ⁴
43 411 112 457 qui
132 406 334 454 τρὸσκαιςον
354 408 413 450 miv
432 414 602 448 δυυαςείαν
618 406 746 454 ἔσχον,
772 411 912 445 brevem
933 407 1206 455 principatum,
1229 407 1350 442 brevis
1371 404 1550 452 temporis

43 459 260 494 dominatum
276 481 287 497 ‚
321 457 538 493 ec-maxima
556 459 596 494 in
614 460 691 500 his,
714 458 779 506 qui
801 457 869 494 hac
889 458 922 504 §.
940 468 976 501 7.
998 455 1173 492 dicuntur
1191 454 1234 491 ad
1255 453 1550 502 appellationem

43 519 86 544 et
108 504 295 550 honorem
319 506 422 542 velut
449 506 559 542 unius
586 506 661 543 diei
691 519 838 543 rantum
865 505 1059 554 progreffi,
1102 516 1212 551 atque
1239 505 1331 540 adeo
1359 503 1550 548 imper-affe

41 554 215 593 omnium
235 554 456 595 breviffime,
497 554 621 601 saltem
643 557 790 593 brevius
809 555 878 598 iis,
916 555 980 603 qui
1001 555 1034 603 §.
1056 565 1112 602 pr.
1128 553 1200 589 iam
1220 553 1332 589 breve
1349 551 1551 598 imperium

40 603 200 641 tenuisse
219 614 424 640 narrantur.
482 605 577 641 Nam
601 606 720 653 primo
734 630 745 645 ‚
783 616 826 642 ut
847 602 1065 652 magnitudo
1079 626 1090 644 ‚
1123 601 1169 638 fic
1190 601 1349 639 brevitas
1375 599 1549 637 censetur

39 652 84 689 in
101 652 145 687 iis
163 653 272 687 rebus
293 662 408 700 atque
425 653 671 696 notionibus,
698 667 790 700 quae
810 651 960 691 nonnisi
981 665 1046 699 per
1066 651 1383 698 comparationem
1403 648 1547 685 intelli·

40 712 180 750 guntur
193 725 205 742 ,
235 713 361 748 neque
385 701 552 738 absolute
571 716 613 738 ac
634 716 699 750 per
719 703 777 744 se,
813 699 878 738 ‘sed
898 700 1075 738 adhibitis
1093 701 1201 737 rebus
1221 699 1302 736 aiiis
1320 711 1360 736 et
1376 697 1544 735 confide-

37 750 151 791 ntis,
181 761 275 795 quae
292 752 470 797 tanquam
488 753 654 788 mensura
673 751 781 793 sunt,
803 751 850 787 cf.
871 752 956 787 Em.
977 750 1073 786 rhet.
1098 748 1131 795 ᾗ.
1153 759 1211 795 35.
1233 760 1273 786 et
1292 756 1375 794 418.
1427 747 1546 783 Dein·

38 799 88 836 de
107 811 154 835 ex
172 797 233 834 illa
255 797 329 844 ipsa
349 799 441 835 serie
459 810 497 836 et
518 800 614 848 quasi
636 802 756 838 tabula
778 811 880 848 patet
901 811 980 836 non
996 798 1108 835 modo
1128 798 1223 839 hoc,
1250 797 1401 834 istorum
1421 796 1541 843 impe-

37 850 200 884 ratorum
224 846 263 882 in
283 849 472 896 regnando
492 849 711 886 brevitatem
729 849 911 886 diversam
932 847 1000 884 esse
1026 860 1066 883 ac
1086 846 1219 883 variam
1233 871 1244 888 ‚
1280 846 1436 894 eiusque
1463 846 1543 881 bre·

37 895 164 931 vitatis
181 894 289 940 iplius
309 897 485 943 quasdam
507 899 620 934 veluti
643 899 761 935 classes
780 897 955 934 constitui
978 908 1174 943 oportere,
1212 895 1274 932 sed
1302 895 1414 932 etiam
1434 893 1543 936 iilud·

37 945 110 981 esse
130 946 169 980 in
188 945 321 982 iisdem
340 946 624 994 imperatoribus
644 949 757 984 etiam
775 948 942 994 aliquos,
971 946 1017 982 de
1037 957 1193 994 quorum
1212 943 1359 991 imperii
1378 943 1541 981 duratio-

36 1005 89 1030 ne
120 1006 161 1030 ac
193 996 364 1042 tempore
390 995 485 1032 nihil
507 995 669 1038 dicatur,
705 1008 769 1033 aut
796 997 923 1033 saltem
952 995 1047 1030 nihil
1076 993 1168 1030 certi
1187 992 1383 1030 definiatur
1407 993 1465 1028 vel
1482 1003 1542 1039 ap.

35 1042 235 1085 Nostrum,
267 1043 327 1080 vel
348 1050 403 1091 ap.
422 1044 534 1085 alios,
569 1058 663 1092 quos
682 1046 830 1092 quidem
849 1057 918 1092 ego
939 1043 1143 1079 habuerim.
1197 1044 1343 1079 Tamen
1363 1039 1543 1079 faciemus

35 1092 266 1139 periculum,
298 1093 341 1128 ab
362 1094 408 1130 iis
425 1093 577 1130 initium
595 1095 804 1143 capientes,
841 1106 936 1142 quos
955 1092 1069 1129 modo
1091 1090 1251 1134 diximus
1270 1091 1450 1139 temporis
1478 1089 1542 1127 in-

35 1139 135 1182 finiti
162 1153 226 1178 aur
244 1154 325 1177 non
350 1142 435 1178 satis
455 1142 558 1179 certi.

122 1192 166 1226 ln
186 1190 244 1225 his
265 1191 404 1239 primus
424 1192 474 1226 est
492 1191 632 1240 Niger,
658 1190 731 1239 qui*
747 1192 871 1228 saltem
895 1191 1033 1239 plures,
1059 1202 1170 1239 quam
1186 1189 1292 1231 dum,
1313 1187 1455 1233 menses
1474 1187 1544 1224 im·

31 1237 183 1287 perarit.
229 1240 291 1275 An
311 1250 436 1276 totum
455 1253 592 1277 annum
607 1267 618 1283 ‚
644 1240 735 1277 mihi
752 1253 833 1276 non
854 1241 986 1288 liquet.
1033 1240 1248 1287 Spartianus
1267 1237 1420 1286 quidem
1438 1235 1483 1274 de
1494 1249 1543 1272 eo

32 1287 75 1324 in
100 1288 194 1324 hanc
213 1297 351 1334 partem
375 1287 501 1325 attulit
518 1289 634 1330 nihil,
660 1302 772 1336 quarn
790 1302 822 1324 c.
839 1291 906 1326 2„i.
925 1290 972 1323 Τ.
994 1301 1024 1324 1.
1047 1302 1083 1336 p.
1096 1290 1178 1334 634.
1198 1300 1254 1330 e.,
1277 1299 1363 1325 cum
1383 1285 1455 1322 iarn
1477 1297 1542 1321 oc-

32 1336 127 1373 cifus
149 1334 237 1372 effer
255 1336 440 1378 lulianus,
475 1349 515 1375 et
534 1339 696 1374 Albinus
717 1338 830 1375 etiam
850 1338 890 1374 in
909 1337 1031 1375 Gallia
1055 1335 1226 1374 sumfiffet
1251 1347 1393 1373 nomeu
1421 1335 1541 1382 impe-

29 1383 187 1426 tatoris,
229 1385 273 1421 ab
299 1385 529 1423 ‘exercitibus
552 1386 712 1434 Syriacis
737 1387 965 1435 appellatum
992 1385 1060 1423 effe
1089 1385 1364 1433 imperatorem.
1420 1382 1542 1432 Atqui

29 1432 171 1470 ‘fastum'
191 1432 228 1471 id
245 1434 335 1476 effe,
369 1433 522 1484 vivente
541 1436 663 1472 adhuc
682 1436 850 1479 Iuliano,
880 1435 1051 1483 perhibet:
1071 1447 1155 1471 cum
1168 1434 1303 1471 Nostro
1322 1447 1355 1475 2,
1368 1445 1400 1475 7,
1415 1445 1445 1477 ς.
1458 1433 1544 1482 [ςφ-

30 1483 425 1530 etiamcapit.inA1b.
447 1496 478 1520 c.
494 1485 558 1521 1.i.
583 1486 642 1524 Ll.
664 1489 819 1532 p.683.,
841 1485 906 1527 ubi
927 1497 1007 1520 uno
1029 1484 1239 1531 eodemque
1251 1480 1544 1530 temporelulia-

27 1543 103 1569 nus
124 1543 142 1566 a
163 1530 292 1568 senatu
315 1534 444 1575 Rom,
476 1536 634 1570 Severus
654 1534 692 1569 in
710 1535 882 1581 illyrico,
915 1533 1035 1582 Niger
1054 1534 1095 1570 in
1114 1533 1291 1574 Oriente,
1316 1531 1476 1569 Albinus
1499 1530 1542 1567 in

28 1579 176 1622 Gallia,
201 1580 443 1627 imperatores
464 1581 643 1630 appellati
660 1582 730 1618 esse
752 1583 938 1620 dicuntur.
989 1584 1124 1620 Getam
1142 1593 1233 1618 vero
1246 1583 1363 1628 Spart.
1385 1580 1441 1617 1.1.
1464 1592 1494 1615 c.
1508 1591 1540 1615 1.

28 1629 55 1666 i.
82 1641 120 1675 p.
139 1638 223 1675 734.
241 1630 292 1677 sq.
314 1630 452 1671 refert,
486 1631 585 1678 prius
614 1631 727 1667 rebus
758 1631 931 1669 humanis
960 1642 1148 1668 exemtum
1180 1630 1273 1672 effe,
1311 1642 1421 1678 quam
1451 1640 1538 1665 curn

27 1679 141 1715 fratte
163 1688 312 1719 teneret
330 1678 550 1725 imperium,
586 1692 671 1717 cum
691 1680 825 1717 Noster
842 1680 996 1721 scribat,
1027 1692 1108 1716 non
1129 1679 1252 1717 solum
1270 1679 1396 1716 Severi
1425 1676 1537 1726 patris

0 1744 1 1757 π
27 1727 103 1764 iam
121 1725 260 1763 socium
273 1727 419 1774 imperii
438 1727 544 1765 fuisse
561 1740 601 1766 et
615 1730 855 1776 negotiorum
866 1729 1101 1776 publicorum
1115 1738 1148 1775 3,
1168 1741 1224 1773 14,
1248 1740 1302 1773 17.
1315 1753 1325 1770 ,
1351 1728 1409 1764 sed
1425 1727 1538 1776 etiam

27 1775 109 1824 post
129 1787 288 1812 mortem
311 1778 473 1823 parentis
490 1789 575 1814 curn
592 1777 708 1816 fratre
726 1790 843 1826 remp.
861 1777 1139 1819 administrasse,
1153 1777 1207 1813 ¹ac
1224 1777 1403 1825 quaedam
1421 1776 1537 1823 impe-

25 1824 164 1866 tatoris⁴
189 1824 315 1862 obiiss‘e
342 1825 469 1862 munia
491 1835 525 1871 3,
546 1838 602 1871 15,
626 1838 682 1871 15.
707 1840 743 1873 4,
767 1840 798 1871 1,
817 1828 853 1868 3.’
874 1841 911 1872 4,
933 1836 965 1873 3,
991 1840 1021 1863 1.
1048 1842 1086 1872 4,
1106 1840 1143 1872 4,
1166 1838 1197 1863 1.
1258 1827 1316 1863 Ad
1339 1838 1448 1872 quam
1479 1836 1536 1860 ra·

27 1873 170 1911 tionem
195 1874 313 1911 Getae
332 1874 531 1922 imperium
553 1876 754 1913 audeamus
772 1874 1072 1913 circumscribere
1097 1875 1225 1912 saltem
1249 1875 1428 1911 mentium
1455 1874 1535 1920 spa-

26 1921 107 1962 tio,
152 1922 312 1959 duorum
347 1934 411 1960 aut
444 1923 568 1962 unius.
637 1926 696 1960 De
716 1925 921 1962 'Gordiano
953 1936 1055 1970 patre
1089 1936 1129 1960 ac
1166 1923 1244 1961 filio
1277 1923 1535 1971 Capitolinum

25 1970 159 2008 falsum
193 1971 263 2008 esse
286 1973 445 2016 volunt,
489 1986 574 2011 cum
598 1972 715 2012 refert
741 1987 772 2010 c.
796 1978 852 2011 16.
872 1988 905 2010 e.
930 1974 980 2010 T.
1003 1986 1036 2009 2.
1060 1986 1096 2021 p.
1123 1985 1226 2014 101„
1259 1971 1448 2019 imperasse
1470 1984 1538 2008 an·

25 2033 70 2057 no
90 2031 177 2060 uno.
208 2021 375 2066 menfibus
394 2021 481 2071 sex,
529 2035 597 2070 pro
626 2035 703 2071 quo
723 2023 889 2059 scribunt
911 2021 960 2058 ib.
984 2023 1034 2058 N.
1050 2033 1080 2067 ς.
1105 2023 1182 2060 Cas.
1205 2035 1271 2059 uno
1291 2020 1425 2070 mense,
1461 2021 1534 2056 die-

17 2071 89 2167 ἕως
101 2069 191 2117 fix,
225 2069 288 2108 sed
305 2071 490 2109 Gatterer.
518 2073 561 2110 in
579 2071 771 2109 Enchirid.
795 2071 876 2109 hist.
905 2071 1006 2108 univ.
1023 2073 1071 2108 T.
1091 2084 1120 2108 ι.
1141 2084 1174 2119 p.
1201 2081 1219 2112 3
1225 2082 1283 2119 30.
1302 2072 1326 2109 i.
1356 2070 1423 2108 vix
1439 2083 1534 2110 men·

43 2132 60 2154 e
81 2131 162 2155 uno.

119 2169 334 2214 Sequuntur
351 2179 427 2206 tres
442 2170 580 2207 Nostro
600 2168 768 2208 Caesares
789 2168 899 2211 dieti,
931 2169 1113 2212 Albinus,
1146 2168 1407 2206 Diadumenus
1421 2193 1431 2210 ,
1457 2168 1536 2205 Ma·

24 2217 121 2253 crini
142 2215 265 2260 fliius,
289 2227 328 2254 et
345 2218 576 2255 Maximinus
592 2218 691 2255 filius
710 2218 735 2255 s.
755 2220 903 2260 iunior,
931 2218 980 2254 cf.
1002 2231 1035 2260 2,
1059 2230 1113 2263 ις,
1136 2230 1166 2261 5.
1194 2230 1227 2262 5,
1247 2232 1282 2264 4,
1306 2231 1362 2264 24.
1382 2229 1419 2254 et
1438 2226 1472 2259 8,
1494 2231 1534 2263 4,

24 2277 84 2310 25.
103 2279 176 2309 m.,
207 2278 288 2303 non
308 2277 433 2306 autem
455 2270 723 2314 Imperatores.
756 2281 854 2316 quos
876 2279 1002 2304 tamen
1033 2265 1081 2303 sic
1109 2266 1171 2304 alii
1193 2279 1352 2308 vocant,
1389 2278 1463 2314 quo
1482 2266 1536 2303 'de

24 2314 130 2350 infra.
184 2315 260 2351 Hic
278 2327 354 2352 non
373 2317 420 2352 de
441 2317 555 2354 titulo
572 2316 763 2365 quaeritur
776 2343 786 2359 ,
814 2318 874 2353 sed
896 2317 942 2353 de
961 2327 1130 2363 tempore
1150 2316 1321 2364 imperii,
1350 2315 1453 2364 quod
1469 2315 1542 2352 A1-'

24 2363 114 2400 bino
137 2360 290 2411 quidem
311 2363 517 2406 tribuamus
542 2365 701 2402 duorum
721 2378 919 2407 annorum,
944 2377 1008 2402 aut
1030 2365 1138 2407 ultra,
1165 2377 1201 2402 at
1221 2364 1456 2402 Diadumeno
1468 2378 1535 2401 an-

22 2412 65 2450 ni
87 2414 198 2449 unius
221 2425 304 2450 cum
333 2413 479 2451 duobus
500 2414 579 2450 fere
602 2413 785 2451 mensibus
813 2414 1036 2461 eLamprid.
1057 2426 1087 2449 c.
1110 2425 1142 2455 g,
1167 2415 1189 2449 i.
1220 2415 1265 2448 T.
1281 2426 1309 2449 ι.
1337 2427 1372 2461 p.
1393 2422 1474 2458 787.
1495 2425 1538 2457 ee

23 2461 188 2509 Capitol.
206 2463 246 2499 in
270 2462 427 2500 Macrin.
450 2475 481 2499 c.
502 2473 592 2504 8.m.
614 2464 664 2500 ib.
688 2472 819 2509 p.758.
834 2476 906 2506 m..
933 2463 993 2499 cui
1012 2474 1137 2500 tamen
1153 2465 1298 2499 Gatter.
1319 2462 1380 2499 l.l.
1404 2475 1435 2510 p.
1452 2459 1542 2507 827.'
1591 2467 1595 2490 ί

21 2511 48 2548 i.
70 2512 138 2547 vix
159 2511 462 2560 armumtribuit,
488 2523 530 2548 ut
549 2516 639 2549 Aur.
664 2512 757 2549 Via.
776 2525 835 2560 ep.
856 2525 958 2549 c.22.
997 2513 1168 2548 Macrino
1191 2523 1278 2548 cum
1297 2510 1535 2549 Diadumeno

22 2560 155 2608 menses
173 2559 450 2610 quatuordecim.
499 2561 677 2610 Denique
695 2560 905 2598 Maximino
925 2559 1004 2597 filio
1027 2573 1110 2597 cum
1132 2571 1233 2608 patre
1251 2559 1377 2597 damus
1393 2561 1544 2611 imperii

22 2621 143 2645 annos
167 2621 262 2652 tres,
296 2609 495 2647 secundum
518 2611 689 2646 Nostrum
713 2621 752 2646 et
777 2612 866 2647 Aur.
889 2611 931 2648 V.
955 2609 1020 2645 1.1.
1047 2622 1078 2645 c.
1094 2622 1148 2654 25.
1170 2609 1194 2646 i.
1439 2609 1444 2613 “

124 2657 337 2696 Dicendum
357 2657 406 2696 est
424 2659 540 2696 etiam'
556 2660 602 2696 de
622 2658 689 2695 illo
710 2659 900 2706 Qiartino
913 2683 924 2702 ‚
949 2670 1024 2707 quo
1047 2659 1094 2696 de
1113 2672 1168 2708 ap.
1188 2658 1360 2697 Nostrum
1382 2671 1416 2705 7,
1433 2672 1466 2701 1,
1479 2673 1537 2699 π.

26 2707 106 2756 sqq.
118 2731 131 2750 ‚
164 2708 230 2757 qui
255 2707 337 2756 post
356 2719 520 2748 mortem
536 2708 743 2749 Alexandri
761 2708 953 2747 Severiab
971 2708 1180 2747 Osrhoenis
1198 2707 1379 2747 militibus
1399 2708 1543 2748 dicitur
