1798 3163
523 155 692 202 LIBER
713 155 745 200 1.
792 152 918 199 CAP.
943 151 1000 199 Π.
1328 145 1339 151 ’
1455 170 1482 212 4
1496 175 1521 209 a

11 274 112 333 ρύὃὲ
125 271 370 342 δογμάτων
381 271 584 338 γνώσεσι,
608 271 753 336 σεμνῷ
790 273 912 323 dium
924 289 1016 320 non
1026 271 1193 329 verbis,
1229 289 1310 322 nec
1323 274 1518 326 decreto-

9 350 51 406 δ’
74 351 92 377 b
133 349 231 406 2955
273 351 350 400 καὶ
385 348 468 412 βίω
510 344 700 413 σῶφξονι
733 353 750 370 ⁶
785 367 885 396 rum
900 349 1171 415 notitiatsed
1204 355 1413 410 gravitate
1425 371 1516 401 mo-

5 426 280 481 s'wecbo-mo.
352 422 476 474 πολύ
497 442 543 471 τε
565 421 748 477 πλῆθος
789 441 834 483 7.
850 441 951 472 rum
968 424 1158 474 etsobria
1178 429 1266 472 vita
1293 426 1513 491 probavit.

96 559 133 600 b)
156 560 188 591 δὲ
208 557 245 592 Β.
267 565 323 595 1.‚
349 556 392 588 cf.
409 557 491 592 §.2.
553 557 587 593 c)
612 554 678 587 Ms.
696 553 749 585 na.
769 553 896 595 σώφρονι
915 555 972 590 βίῳ
988 553 1091 590 emsa,
1115 560 1149 583 v.
1169 548 1217 583 N.

4 670 172 710 delineat
188 681 246 716 ep.
269 680 328 705 20.
350 666 475 704 facere
494 665 608 703 docet
627 663 889 713 philosophia,
915 676 995 701 non
1016 663 1152 705 dicere,
1178 673 1219 700 et
1233 663 1309 700 hoc
1327 665 1454 715 exigit,
1473 679 1514 706 vt

5 721 52 758 ad
74 721 191 763 letzem
214 719 310 755 suam
337 716 494 766 quisque
513 716 635 757 vivat,
661 727 709 750 ne
728 712 891 749 orationi
916 713 990 749 vita
1010 712 1217 755 dissentiat,
1252 725 1293 750 ut
1319 714 1394 761 ipsa
1415 715 1515 754 inter

3 771 43 809 se
63 763 138 807 vifa
157 769 267 804 unius
286 766 363 803 fine
390 765 578 802 astionum
611 763 829 800 dissensione
857 762 996 799 coloris
1019 761 1073 799 fit.
1128 769 1311 810 φιλοσοφία
1337 777 1426 815 ergo
1454 768 1517 804 hic

2 818 192 868 propriam
210 817 323 854 habet
342 815 461 864 fignif.
483 825 522 851 et
541 814 591 850 est
612 813 770 850 studium
793 811 1008 860 sapientiae.
1059 813 1132 849 Sed
1142 809 1357 858 παύσασθαι,
1377 814 1424 850 est
1436 828 1516 853 rem

3 867 240 909 confirmare,
266 877 399 902 certam
421 863 653 911 minimeque
670 861 819 899 dubiam
831 860 998 903 reddere,
1025 860 1077 898 rei
1099 861 1208 897 fidem
1229 861 1362 898 facere.
1411 865 1514 902 Hinc

3 914 153 961 ξηςέθη
173 917 212 954 in
232 914 314 964 pals.
333 915 383 950 est
400 916 561 955 ἐπείσθη,
589 907 862 958 ἐπληςοφοςῆθη,
891 908 982 946 fides
1004 909 1039 947 ei
1058 909 1152 947 fasta
1172 911 1235 952 est,
1261 923 1384 948 certus
1397 914 1514 953 satius

1 967 66 1005 est.
119 966 182 1002 Sic
206 964 348 1012 explica
368 976 388 1000 2
410 963 509 1000 Tim.
531 973 564 1010 3,
589 975 644 1007 14.
681 961 796 996 Leisn.

97 1018 141 1053 ln
159 1027 236 1052 rem
257 1012 371 1060 ipsam
391 1013 512 1060 deque
533 1011 658 1048 Marco
677 1022 711 1045 v.
733 1010 818 1045 Exc.
839 1008 884 1044 ad
904 1005 934 1054 §.
955 1019 1008 1048 1..
1034 1006 1095 1043 sed
1108 1009 1152 1044 ad
1177 1007 1397 1045 sententiam
1411 1026 1515 1050 com..

3 1065 203 1115 parandam
224 1065 311 1100 Luc.
323 1073 357 1109 3,
379 1065 437 1098 66.
457 1062 481 1096 i.
501 1056 615 1106 ἔργοις
632 1079 672 1086 —
690 1063 753 1113 τᾲς
771 1064 838 1094 τῶν
854 1052 962 1100 λέγων
981 1055 1183 1102 δποσχέσεις
1204 1056 1422 1102 ἔπιε-τίσωνται,
1440 1064 1515 1111 fir-

4 1123 154 1153 marunt
168 1137 179 1155 ,
204 1114 299 1150 Xen.
317 1110 423 1160 Ages.
451 1121 506 1152 11,
532 1120 590 1145 10.
610 1119 649 1144 et
670 1108 784 1143 Dion.
805 1107 854 1142 H.
871 1108 908 1142 S.
927 1107 974 1141 T.
990 1117 1021 1142 1.
1042 1110 1126 1152 685,
1143 1118 1221 1148 20.,
1249 1107 1310 1144 sed
1330 1108 1418 1146 dev.
1441 1129 1514 1152 mr.

0 1164 51 1201 nd
69 1163 193 1199 Leisn.
213 1161 262 1198 cf.
280 1160 378 1198 Suic.
399 1159 474 1194 Th.
497 1168 627 1204 p.743.
648 1170 698 1193 m.
717 1155 803 1192 Hes.
819 1169 850 1197 r,
872 1165 978 1202 ¹39²·
997 1155 1020 1191 i.
1042 1167 1125 1193 cum
1145 1156 1193 1193 N.
1209 1167 1245 1192 et
1257 1159 1440 1200 L.N.T..
1470 1173 1514 1199 ut

1 1211 51 1248 de
67 1211 164 1247 med.
183 1210 271 1246 Hes.
290 1222 324 1253 2,
345 1211 426 1254 966.
440 1207 464 1244 i.
490 1208 706 1254 Stp.Th.3,
729 1208 809 1252 146.
828 1206 870 1241 A.
883 1217 917 1240 e.
933 1230 943 1246 ‚
972 1204 1036 1241 ubi
1058 1218 1078 1241 e
1100 1206 1189 1242 Bud.
1211 1208 1253 1242 C.
1270 1219 1350 1251 159,
1365 1219 1419 1254 37.
1431 1211 1511 1259 sqq,

0 1259 124 1299 nostra
144 1258 287 1296 reddita
311 1256 615 1305 „philosophiam
632 1274 673 1285 —-
699 1255 736 1292 se
756 1253 881 1291 colere
898 1266 983 1300 prae
1004 1252 1040 1290 se
1059 1256 1170 1295 tulit,
1200 1253 1387 1305 fidemque
1406 1259 1513 1301 fecit,

1 1309 28 1349 1:
50 1307 309 1358 philosophiae
326 1306 437 1344 studii
458 1305 571 1343 fidem
588 1305 707 1342 fecit‘·
732 1316 803 1353 qua
819 1315 911 1344 extr,
933 1302 1091 1341 formula
1111 1304 1278 1341 reddunt
1297 1308 1453 1345 wedam
1465 1311 1512 1346 ad

1 1359 93 1397 Luc.
114 1368 147 1405 ς,
169 1369 225 1406 33.
251 1357 275 1393 1.
289 1369 323 1402 7.
343 1368 382 1394 et
399 1355 482 1394 Ind.
504 1355 587 1393 Ael.
608 1354 656 1391 V.
677 1355 740 1398 h.,
767 1352 831 1390 sed
852 1365 886 1387 v.
911 1352 1017 1399 privo
1042 1367 1124 1390 cum
1146 1356 1207 1402 Bg.
1228 1356 1308 1390 lnd.
1323 1358 1440 1394 Dion.
1462 1360 1512 1395 H.

0 1411 37 1446 S.
56 1410 105 1446 T.
119 1421 172 1450 2.,
200 1405 263 1443 ubi
278 1406 348 1449 est,
376 1416 421 1443 ut
436 1406 520 1447 hic,
547 1417 631 1442 cum
652 1416 728 1441 acc.
746 1404 819 1444 rei,
845 1401 892 1438 cf.
912 1402 1030 1440 Dion.
1050 1404 1127 1439 Cas.
1148 1415 1185 1439 et
1203 1405 1367 1450 Stp.Th.
1381 1407 1439 1443 l.l.
1462 1409 1512 1445 D.

1 1459 53 1503 i.,
77 1456 141 1506 qui
161 1466 197 1502 φ.
221 1455 345 1492 reddit
365 1454 536 1496 aliunde,
575 1466 616 1490 vt
635 1456 695 1502 ssg.
721 1465 742 1489 e
758 1453 817 1494 1³„
851 1452 912 1489 sed
939 1464 977 1488 et
1005 1465 1133 1493 „amor
1154 1449 1383 1504 sapigntffheec
1420 1470 1515 1505 quo,

0 1507 116 1545 modo
135 1505 244 1554 capio
260 1507 347 1553 Eg„
370 1505 561 1541 tribuente
573 1503 706 1541 Nostro
730 1501 823 1538 infra
845 1501 957 1538 etiam
977 1502 1107 1538 Marco
1120 1510 1324 1549 φιλοσοφίαν
1344 1519 1379 1551 4,
1396 1518 1428 1550 5,
1447 1517 1514 1553 13.,

0 1556 61 1595 cui
80 1555 177 1593 forte
194 1555 283 1592 hinc
300 1556 405 1592 datus
426 1555 471 1590 ab
495 1553 574 1590 aliis
597 1552 730 1589 titulus
751 1551 814 1587 ille
833 1550 994 1600 vulgaris
1015 1552 1232 1601 philofhphi‚
1267 1553 1429 1591 addente
1449 1559 1513 1606 Bg.

0 1606 50 1644 de
70 1606 136 1642 suo
158 1618 288 1653 pron..
314 1603 373 1640 sed
394 1602 561 1639 faciente
582 1614 665 1638 cum
687 1602 726 1637 1².
751 1600 791 1636 in
814 1613 909 1644 ).ογ.,
936 1600 996 1636 vbi
1021 1613 1059 1638 et
1083 1601 1255 1648 procedit
1273 1603 1402 1645 distis,
1440 1606 1514 1642 ser·

0 1655 200 1696 monibus,
224 1651 391 1689 oratione
412 1652 471 1689 hic
491 1650 673 1700 oppositis
693 1663 726 1688 λ.
743 1649 859 1686 animi
879 1648 1040 1687 sensibus
1058 1661 1097 1686 et
1111 1651 1437 1698 propensionibus‚
1470 1655 1512 1692 it.

1 1702 337 1746 aflionibus,fastis
348 1715 390 1740 ac
402 1700 514 1744 vitae,
527 1701 668 1737 utalibi
686 1697 788 1747 ἔργῳ,
807 1696 930 1745 ἔργοις,
950 1705 1144 1746 πράγμασι,
1157 1701 1243 1742 rel..
1267 1701 1315 1738 cf.
1332 1728 1340 1742 .
1366 1715 1514 1750 praeter

1 1754 83 1792 lud.
102 1753 286 1795 nostrum,
312 1763 465 1799 quoque
475 1752 584 1788 Dem.
604 1754 690 1791 268.
708 1763 760 1786 11.
779 1751 842 1797 ssg.
862 1748 907 1784 ad
924 1749 1006 1784 Alc.
1027 1762 1063 1797 p.
1077 1753 1134 1796 36.
1147 1761 1194 1785 m.
1220 1751 1316 1788 Duk.
1331 1755 1375 1789 ad
1389 1754 1512 1790 Thuc.

0 1816 42 1853 p.
58 1813 136 1850 ¹39·
155 1802 204 1838 N.
220 1813 275 1838 ιο.
293 1801 380 1838 Krb.
402 1800 448 1836 ad
460 1800 554 1837 Plut.
576 1812 612 1847 p.
637 1810 718 1844 109.
742 1811 774 1834 e.
802 1797 925 1846 Kypk·
949 1799 998 1833 T·
1013 1811 1046 1834 2.
1067 1812 1102 1846 p.
1117 1809 1221 1845 332..
1257 1801 1318 1837 sed
1341 1816 1375 1837 v.
1397 1807 1514 1847 δογμ..

0 1856 61 1924 ΓΡ.
81 1850 344 1897 philosophos.
368 1860 413 1886 ut
436 1848 518 1891 hic,
556 1860 622 1894 pro
641 1848 793 1885 decreto
814 1848 840 1884 s.
867 1847 1027 1893 placito,
1062 1849 1277 1895 produssum
1301 1864 1320 1886 a
1339 1853 1416 1899 Stp.
1438 1853 1514 1890 Th.

3 1910 153 1938 tantum
175 1912 195 1935 e
215 1898 312 1934 Plut.
326 1922 337 1937 ,
365 1897 415 1934 cf.
432 1898 535 1934 Fabr.
557 1895 602 1931 ad
623 1897 658 1932 S.
681 1897 785 1942 Emp.
803 1909 837 1944 p.
850 1907 931 1931 200.
954 1898 1039 1933 Luc.
1058 1910 1090 1939 1,
1113 1902 1195 1943 556.
1215 1901 1239 1937 l.
1253 1910 1284 1946 3.
1320 1900 1356 1937 it.
1373 1914 1406 1943 2,
1427 1911 1513 1942 820.

20 1977 30 1986 ,
49 1962 110 1997 99.
137 1946 239 1985 Suid.
257 1946 342 1984 Hes
374 1958 458 1982 cum
479 1946 550 1987 N.,
583 1955 627 1980 ut
653 1945 693 1980 in
722 1945 910 1992 astrologia
931 1946 1073 1981 D'Orv.
1105 1949 1173 1983 Ch.
1202 1961 1237 1995 p.
1260 1961 1342 1993 757.
1361 1964 1432 1993 m.,
1470 1951 1513 1989 in

45 1996 194 2046 eclogia
210 1996 253 2032 L.
270 1997 318 2034 N.
338 1996 386 2032 T.
407 2007 493 2031 cum
510 1993 609 2032 Suic.
626 1994 726 2035 Th.‚
752 1993 909 2029 aliorum
930 1994 1098 2031 omnium
1120 1995 1340 2034 docentium
1355 2026 1364 2041 ,
1395 2000 1514 2037 medi-

27 2058 133 2084 orum
155 2045 266 2088 item,
289 2045 411 2082 Schw.
433 2044 474 2080 L.
496 2045 547 2080 N.
568 2045 640 2087 T.,
669 2043 780 2079 etiam
801 2041 958 2079 aliorum
979 2054 1079 2080 extra
1100 2043 1256 2087 scholae,
1283 2048 1514 2093 privatorum

33 2107 90 2134 uc.
114 2107 146 2138 1,
166 2098 226 2131 61.
247 2095 343 2138 [92.
361 2106 444 2130 cum
468 2094 606 2131 Loesn.
629 2092 674 2149 ³.d
694 2093 742 2129 N.
761 2093 809 2127 T.
837 2104 870 2139 p.
885 2103 935 2136 95.
956 2104 1007 2134 e.,
1033 2103 1075 2129 ut
1097 2094 1143 2129 de
1167 2096 1433 2143 magistratuum
1454 2099 1513 2137 in-

20 2142 674 2242 ¹122.5⁹4.,⁶.;‚{,¹;·.5¹ffl1{⁵.2‘·.2.2:{
693 2140 1115 2239 {Zfflitsffirffiaffeffi
1126 2146 1448 2232 ’.2533J152335‘51sss
1451 2161 1512 2235 ‘53

17 2256 80 2328 (Ἦ.
100 2242 149 2280 fin
178 2254 236 2291 g.,
269 2254 351 2297 non
379 2240 593 2297 reperiente
622 2253 680 2277 me
710 2253 768 2287 ap.
797 2240 1049 2296 rel-§raeces
1071 2240 1162 2288 plur.
1189 2256 1244 2286 γν.
1273 2257 1314 2280 ea
1335 2247 1510 2288 notione.

18 2306 38 2329 e
83 2292 129 2330 de
174 2301 309 2329 ceretis
328 2301 367 2328 et
384 2289 512 2327 edistis
530 2302 671 2339 regum.
698 2289 853 2338 populi,
880 2288 1065 2331 iudicum,
1091 2303 1126 2325 v.
1149 2292 1229 2329 lnd.
1250 2293 1337 2330 Luc.
1359 2295 1418 2332 Rs,
1443 2299 1512 2335 01.

43 2366 54 2377 .
75 2355 110 2388 4.
131 2349 163 2382 8.
187 2353 223 2389 p.
246 2343 317 2386 655.
337 2353 385 2376 m.
409 2339 498 2376 coll.
521 2341 565 2376 V.
584 2354 619 2385 4.
650 2353 685 2387 p.
706 2349 786 2386 234.
809 2338 833 2373 l.
855 2351 888 2381 7.
913 2337 957 2375 it.
983 2340 1118 2383 Dem..
1155 2352 1200 2378 vt
1223 2345 1259 2380 δὲ
1281 2344 1360 2390 post
1377 2349 1436 2387 οὐ,
1468 2347 1511 2384 in

41 2390 123 2428 edia
145 2387 589 2438 pofitum‘enunciatione
609 2401 649 2425 ac
669 2389 855 2430 membro,
878 2400 944 2436 pro
957 2392 1049 2425 ἀλλὰ
1067 2388 1107 2425 in
1123 2388 1266 2432 fronte,
1290 2394 1370 2441 Stp.
1384 2396 1457 2432 Th.
1476 2409 1510 2436 ι,

31 2450 87 2488 ¹3·
105 2453 152 2476 tn.
180 2452 201 2476 e
223 2438 311 2476 Bud.
332 2439 373 2475 C.
397 2447 503 2482 1298.
525 2450 558 2483 5.
577 2437 679 2488 seqq.
708 2439 768 2475 De
788 2450 823 2473 v.
845 2450 884 2486 p.
909 2449 988 2475 101.
1008 2450 1040 2475 e.
1069 2440 1287 2490 Hoog.0p.
1312 2456 1347 2491 p.
1375 2457 1456 2490 245-
1477 2458 1508 2482 e.

51 2502 86 2526 m
111 2488 189 2526 lnd.
210 2489 296 2525 Fab.
312 2486 393 2525 Aes.
416 2485 482 2526 Hs.

50 2544 113 2585 βίῳ
137 2541 188 2584 e.)
213 2538 286 2574 Ms.
308 2537 402 2574 ordo
419 2536 535 2580 alius,
567 2535 792 2584 transposito
812 2536 905 2579 adi..
948 2535 1047 2575 infra
1065 2550 1277 2583 recurrens.
1313 2541 1376 2578 hic
1392 2545 1436 2580 ab
1453 2542 1513 2580 in-

27 2588 121 2626 enio
140 2589 190 2625 est
211 2585 375 2630 librarii,
401 2597 444 2624 ut
461 2587 534 2622 hoc
561 2588 768 2624 membrum
788 2585 832 2623 lit
852 2587 968 2635 priori
993 2586 1163 2630 similius,
1187 2602 1270 2626 cum
1293 2591 1428 2628 Noster
1451 2606 1512 2628 va-

18 2637 73 2675 iet
87 2648 126 2674 et
144 2637 236 2674 Mss.
258 2635 325 2672 rel.
345 2648 428 2672 cum
451 2637 490 2674 P.
509 2648 684 2674 maneant
701 2636 740 2672 in
761 2637 861 2673 vulo.
882 2636 1037 2679 ordine,
1063 2639 1242 2676 nonitem
1254 2641 1319 2676 Bo.
1333 2666 1344 2682 ‚
1368 2641 1511 2678 cf.Exc.

44 2682 133 2725 πολύ
153 2688 207 2732 γε)
227 2686 404 2732 Qorum
432 2685 585 2722 nomina
613 2685 748 2733 partim
774 2668 984 2723 referuntur
1003 2698 1021 2721 a
1041 2687 1226 2736 Lamprid.
1262 2671 1514 2727 C³onssituerat

23 2746 125 2774 utem
156 2736 302 2788 Marcus
331 2734 444 2772 etiam
468 2735 631 2772 Athenis
663 2735 787 2771 omnis
808 2734 953 2784 generis
973 2736 1160 2778 auctores,
1195 2737 1240 2773 ad
1271 2750 1514 2778 communem

44 2783 56 2793 ”
78 2784 230 2832 'tatemf‚
254 2783 344 2854 ‘iste
359 2783 472 2835 xiph.
502 2783 651 2826 Εαξὶιιῐιι
667 2783 781 2824 etiam
800 2784 872 2827 est.
896 2795 939 2823 ut
956 2784 1088 2829 multi.
1110 2785 1254 2825 favoris
1275 2800 1334 2838 ap.
1354 2787 1513 2837 impera-

788 2845 833 2888 D
