1798 3137
168 155 207 184 x
629 132 635 147 ⁷
695 135 1140 207 PRAEFATIO-,j

168 259 267 296 tum
289 249 412 295 aliter
431 262 523 295 non
541 263 637 294 raro
657 249 851 292 auximus
869 245 1062 299 Indices,
1106 246 1365 292 nominatim
1383 247 1662 296 'Demosthe->

166 319 256 371 nis,
292 319 365 379 qui
385 318 568 361 maxime
588 333 609 359 a
628 314 753 359 nobis
772 312 980 372 legendus
997 311 1082 360 fuit
1103 314 1146 357 in
1166 312 1289 358 usum
1302 312 1469 372 Nostri,
1499 317 1656 376 (etiam

164 383 328 436 Suidas,
353 394 402 427 ut
422 383 526 427 locis
546 381 768 442 apparebit
788 381 898 438 suis.)
969 383 1148 431 Verum,
1183 380 1259 425 ubi
1277 379 1334 427 sic
1354 380 1557 435 diximus,
1583 385 1653 430 ad-

165 450 358 495 dendum
381 449 485 511 quid
506 440 588 493 effe
606 447 736 492 Indici
757 447 902 500 alicui,
943 445 987 490 id
1005 462 1097 490 non
1119 445 1305 493 fecimus
1324 449 1651 512 reprehenden-

164 517 209 562 di
227 516 368 568 causa,
412 517 637 577 (quoniam
663 516 705 558 in
738 509 914 557 molesta
942 512 1100 557 Indicis
1131 513 1358 561 cuiusdam
1387 516 1652 564 conficiendi

164 599 310 645 opera,
344 581 552 644 quaedam
570 581 694 627 facile
713 577 888 640 possunt
909 579 1020 625 elabi
1039 580 1446 641 veldiligentiffimo
1459 584 1651 630 animad-

163 649 342 700 vei-sori,
385 660 457 694 aut
483 651 614 692 etiam
644 648 788 690 omitti
818 645 1027 708 quaedam
1059 659 1181 694 certo
1213 667 1304 712 quo
1336 648 1552 709 confixio>
1577 650 1650 697 sed

160 718 314 779 potius
332 726 382 760 ut
396 717 713 761 accurationem
736 711 923 758 nostram
944 716 1300 777 approbaremus,
1333 728 1378 762 et
1397 716 1653 765 mitioribus

159 782 384 834 Indicum,
429 780 568 826 adhuc
585 777 851 834 viventibus,
888 781 958 825 vel
979 782 1069 826 aliis
1091 783 1331 831 faciliorem
1352 785 1650 848 suppeditare-

159 866 260 896 mus
290 846 516 909 supplendi
544 845 839 902 occasionem3
881 848 1000 910 quod
1038 859 1083 893 et
1112 852 1296 896 maxime
1326 854 1461 916 cupio
1491 853 1649 909 valere,

158 932 261 961 cum
294 908 498 966 indicavi,
544 931 616 959 me
647 930 736 958 non
775 913 982 976 reperisse
1021 915 1233 978 quaedam
1268 919 1386 980 apud
1421 921 1651 979 Vigerum,

155 999 292 1045 quem
323 983 476 1027 Zeunii
499 984 548 1027 V.
569 985 615 1027 C.
645 998 778 1043 opera
810 981 1140 1046 diligentiaque,
1183 988 1462 1047 quantumvis
1482 988 1652 1044 eximia,

157 1061 303 1095 tamen
325 1066 414 1094 non
436 1050 490 1093 ita
513 1051 655 1108 augeri
682 1047 740 1092 ob
760 1049 903 1095 causas
924 1050 1087 1112 aliquas
1117 1050 1303 1114 potuisse
1332 1052 1441 1107 scio,
1483 1065 1534 1100 ut
1561 1054 1651 1117 ipse

157 1118 236 1160 Vir
257 1113 532 1161 Doffisiimus
555 1115 743 1161 volebat.
812 1121 876 1162 lta
899 1134 987 1181 que
1009 1118 1116 1173 satis,
1149 1118 1342 1172 confido,
1381 1119 1557 1166 liberavi
1577 1138 1651 1167 me

158 1182 211 1228 ab
233 1184 376 1228 animo
398 1183 586 1228 nocendi
609 1183 925 1246 carpendique,
968 1195 1013 1229 et
1029 1186 1255 1232 voluntate
1277 1189 1524 1233 inimicitias
1545 1204 1650 1234 cum

157 1251 246 1294 aliis
269 1249 376 1294 mihi
395 1249 611 1295 conflandi
631 1263 760 1312 atque
782 1252 1081 1307 contrahendi,
1115 1253 1390 1300 libentissime
1411 1256 1536 1301 suum
1557 1258 1650 1301 cui-

155 1334 243 1376 que
262 1317 455 1362 tribuens
477 1318 695 1362 honorem
710 1355 720 1373 ,
755 1329 801 1363 et
820 1320 864 1364 in
888 1318 1216 1379 diligentissimis
1239 1321 1558 1384 utiliffimisque
1580 1325 1649 1367 In·

157 1382 323 1428 dicibus
350 1383 475 1429 facile
501 1386 721 1446 principes
744 1387 984 1445 agnoscens
1005 1388 1104 1434 illos
1126 1390 1269 1445 Mori,
1303 1390 1496 1436 Fischeri
1533 1389 1649 1454 Lips.

157 1460 203 1495 et
222 1452 397 1505 Zeunii,
430 1453 480 1495 V.
501 1456 553 1497 V.
578 1453 639 1498 Cl.
663 1453 725 1498 Cl.

284 1517 506 1563 Interdum
533 1530 578 1565 et
607 1519 978 1581 philologicarum
1008 1526 1234 1569 Not-arum
1262 1522 1508 1571 adhibitum
1539 1522 1600 1569 est
1623 1542 1648 1571 a

153 1601 227 1630 me
247 1601 383 1645 genus
406 1585 524 1641 illud,
559 1585 679 1649 quod
700 1591 893 1650 pertinet
913 1590 966 1634 ad
987 1595 1178 1636 vertendi
1197 1589 1427 1637 artificium
1439 1593 1647 1655 fiverita-

151 1660 232 1698 tem
263 1668 365 1710 que,
402 1652 478 1697 ubi
508 1652 738 1708 docemus,
779 1672 890 1718 quae
917 1656 1054 1703 versio
1086 1660 1129 1702 in
1157 1658 1342 1704 vocibus
1369 1658 1545 1719 singulis
1574 1669 1649 1705 aut

150 1718 395 1781 phrasibus,
438 1721 483 1764 in
509 1724 646 1783 tropis
679 1724 984 1770 conservandis
1008 1727 1231 1780 minusve,
1262 1727 1308 1772 in
1335 1737 1526 1789 totoque
1559 1744 1651 1772 ora-

150 1787 282 1830 tionis
310 1786 462 1832 habitu
484 1798 528 1832 et
549 1789 735 1843 ambitu,
781 1791 888 1837 serie
909 1803 1041 1855 atque
1064 1791 1218 1838 ordine
1240 1793 1414 1856 periodi
1437 1807 1484 1840 et
1509 1810 1649 1839 mem·

149 1851 353 1909 brorum,
395 1852 446 1898 sit
464 1855 534 1900 vel
554 1856 754 1910 liberior,
792 1858 864 1904 vel
894 1858 1148 1919 diligentior
1174 1863 1450 1924 propiorque
1472 1862 1650 1907 Graeco

149 1921 299 1972 textui,
321 1922 768 1986 qualisinterpretatio
784 1927 1048 1990 plerumque
1061 1925 1120 1971 est
1131 1928 1338 1987 Bergleri‚
1359 1927 1652 1987 (seduloillaa

147 1985 276 2032 nobis
298 1986 522 2034 diiudicata
544 1996 676 2036 etiam
698 1992 749 2037 ab
771 1994 860 2038 aliis
884 1995 1105 2057 partibuS,
1139 2011 1224 2039 nec
1241 1995 1415 2057 semper
1433 1994 1649 2059 probata‚)

147 2064 199 2098 ut
219 2065 371 2099 contra
388 2054 570 2102 solutior
588 2070 631 2103 et
653 2059 854 2105 aberrans
876 2078 898 2105 a
920 2063 987 2106 via
1011 2061 1234 2115 Politiani,
1281 2078 1417 2124 quem
1436 2073 1584 2107 tamen
1603 2063 1650 2107 in
1707 2064 1711 2071 ’

146 2119 374 2166 iudicanda
408 2121 797 2190 constituendaque
827 2124 1018 2173 leffione
1039 2129 1209 2174 Graeca
1239 2127 1357 2175 haud
1387 2145 1486 2175 raro
1518 2146 1651 2192 opor-

147 2188 234 2232 tuit
252 2187 401 2250 respici
424 2200 466 2234 et
481 2191 523 2235 in
545 2192 776 2239 consilium
799 2197 967 2252 vocari,
1009 2197 1215 2258 quoniam
1241 2196 1315 2240 ille
1337 2195 1558 2242 interdum
1587 2193 1650 2241 est

145 2253 251 2299 loco
273 2254 445 2300 Codicis
466 2257 666 2315 alicuius,
704 2271 750 2306 et
769 2263 902 2308 alium
917 2299 926 2316 ‚
962 2274 1134 2325 praeter
1154 2260 1326 2310 nostros
1341 2261 1540 2320 Codices,
1575 2263 1651 2309 ha·

147 2318 283 2366 buiss'e
312 2321 499 2378 videtur,
543 2343 788 2390 quanquam
821 2330 866 2374 in
896 2329 1093 2393 partibus
1125 2346 1225 2386 cum
1259 2330 1409 2393 aliquo
1429 2330 1649 2377 Codicum
1688 2347 1690 2355 ’

146 2385 396 2433 nostrorum
419 2390 665 2452 conspirans
686 2407 816 2459 atque
835 2400 1117 2442 conveniens.
1186 2397 1320 2443 Unde
1335 2409 1380 2444 et
1392 2396 1527 2444 vei-fio
1541 2399 1649 2454 eius,

146 2464 199 2499 ut
219 2456 263 2499 in
278 2454 499 2516 Sylburgii
523 2459 715 2507 editione
734 2461 795 2508 est
814 2480 917 2510 cum
929 2465 1446 2529 StephaniMemmiique
1458 2464 1649 2511 animad-

146 2519 419 2567 versionibus
439 2535 568 2584 atque
591 2529 985 2585 emendationibus,
1016 2535 1158 2594 repeti
1179 2531 1313 2578 debet
1331 2531 1574 2596 recudique
1595 2530 1650 2577 ad

145 2585 283 2632 finem
310 2600 452 2634 textus
475 2593 630 2638 Gracci
651 2598 873 2661 totiusque
904 2601 1049 2662 operis
1070 2599 1339 2657 Herodiani,
1378 2616 1484 2648 cum
1511 2594 1561 2647 e't
1577 2599 1651 2646 alii

147 2670 230 2721 per
250 2658 391 2702 Notas
417 2673 511 2704 eam
531 2659 710 2709 subinde
737 2663 934 2729 spestent
961 2677 1096 2730 atque
1117 2665 1341 2729 castigent.
