1798 3163
216 147 237 189 5
251 147 278 189 4
730 137 897 181 LIBER
921 137 954 181 Ι.
999 135 1123 180 CAP.
1145 134 1201 180 Π.

254 243 364 302 ἔνους
408 246 479 296 τον
521 247 631 307 Βίου,
683 253 872 302 πολλοῖς
913 246 935 281 ¹³
972 269 1044 299 ros
1059 288 1071 308 ,
1102 268 1234 316 quam
1248 253 1324 316 qui
1336 251 1411 301 sub
1432 254 1602 302 oriente
1623 253 1708 303 sole

304 356 340 393 h)
364 355 427 387 ΜΞ.
447 357 500 388 Ba.
526 361 645 392 πολλοῖς
661 369 693 389 τε
704 361 761 410 ἱἀεὶ
775 369 802 387 e.
829 366 863 386 v.
881 354 927 391 N,
1714 326 1719 339 t

217 445 327 485 tales,
351 443 522 481 videntur
543 444 612 481 esse
624 444 748 481 Parthi
771 456 824 488 ap.
837 442 959 489 Capit.
979 455 1014 490 p.
1028 453 1109 490 321.
1131 458 1165 480 e.
1197 455 1277 491 325.
1295 455 1397 491 339.,
1423 446 1464 482 it.
1481 443 1561 495 Syri
1580 447 1709 493 p.336.

215 506 266 528 m.
289 504 370 539 37²·
389 505 426 528 er
448 504 531 540 392.
583 495 752 539 Cumque
781 490 917 528 dicitur
941 505 959 526 a
978 491 1086 528 nobis
1106 494 1253 531 Marcus
1282 495 1418 531 bellum
1446 494 1606 530 intuliise
1622 507 1710 549 pro-

212 542 349 577 vinciis
373 541 620 578 Romanorum
651 540 830 577 barbaris:
880 538 917 576 id
948 540 996 577 fic
1025 541 1296 592 intelligimus,
1332 543 1432 591 quod
1453 545 1653 584 Germania
1671 554 1711 579 et

213 591 402 627 Britannia
431 603 475 626 ex
504 603 606 637 parte
628 600 779 628 „tantum
809 588 988 625 subieciae
1009 601 1090 627 tum
1109 591 1265 628 fuerunt
1285 594 1533 630 Romanorum
1557 591 1710 633 ditioni,

214 650 256 675 et
272 640 366 675 hanc
386 639 636 675 Romanorum
656 648 798 683 partem
823 637 936 674 vicini
960 639 1097 676 barbari
1111 665 1121 680 ,
1150 640 1474 678 nondum-suba&
1489 643 1634 688 „saepe
1655 641 1713 676 in-

214 686 417 729 festarunt,
445 700 571 723 contra
592 699 685 732 quos
702 687 793 722 adeo
816 688 962 724 Marcus
982 689 1228 738 belligerant,
1262 689 1306 725 cf.
1333 703 1365 730 1,
1392 701 1425 737 3,
1452 690 1573 736 12.¹sq.
1601 701 1633 734 3,
1657 701 1712 735 14,

218 748 252 772 ι.
277 736 353 783 sqq.
383 736 422 773 it.
444 738 529 773 Exc.
541 735 583 770 ad
599 748 631 774 ι,
647 747 676 774 1,
691 746 722 778 5.
735 745 772 770 et
783 735 826 770 ad
838 735 958 783 Capit.
971 749 1005 783 p.
1020 746 1061 782 32
1073 751 1100 773 ι.
1113 739 1159 774 N.
1171 749 1200 780 7.
1216 739 1294 774 Cas.
1346 739 1406 775 Sic
1427 739 1713 786 quidem-inter..

213 785 398 832 pretando
417 797 558 820 rantum
581 784 818 820 succurrerim
840 784 927 820 huic
952 786 1059 827 loco;
1093 785 1133 822 in
1162 800 1196 822 v.
1217 803 1344 824 κατοικ.
1373 799 1528 833 tenente
1558 786 1713 823 aliunde

211 835 294 879 Stp.
315 834 385 869 Th.
408 845 491 868 cum
516 834 557 869 L.
577 833 684 873 Ern.,
707 845 852 879 praeter
871 831 990 879 simpl.
1014 836 1090 871 Lat.
1113 835 1298 878 habitare,
1333 836 1444 874 etiam
1469 840 1528 883 ὃς,
1558 849 1641 871 cum
1661 835 1714 872 al·

210 892 293 918 tero
315 882 539 923 inhabitare,
566 894 659 928 quae
680 893 824 928 compp.
843 895 898 928 ap.
917 884 966 920 G.
991 883 1063 919 Th.
1087 896 1152 928 per
1172 883 1288 931 simpl.
1307 885 1401 921 illud
1419 886 1620 931 explicata,
1646 882 1712 920 ubi

210 940 252 966 et
269 930 431 966 nostrum
453 932 518 967 Gr.
538 942 657 976 comp.
671 955 682 971 ‚
727 930 832 967 cuius
852 943 999 978 praep...
1038 944 1079 968 ut
1099 932 1158 968 illa
1176 935 1254 970 Lat.
1275 934 1311 969 in
1324 959 1334 975 ,
1369 939 1481 981 *regat
1499 933 1714 969 adiunfium

211 978 277 1014 a&
293 1005 302 1019 ,
330 979 574 1025 respondente
590 980 690 1014 forte
708 979 832 1015 nostro
847 981 1048 1021 bewohnen,
1076 981 1136 1017 sed
1155 996 1214 1018 me
1234 982 1340 1028 super
1356 984 1435 1019 lota
1456 982 1493 1017 in
1506 987 1602 1027 ἂρκτ.
1615 982 1714 1018 nihil

210 1029 357 1075 regulae
378 1040 533 1065 tenente
547 1054 557 1069 ‚
581 1028 641 1064 sed
663 1026 844 1065 variantes
864 1039 1009 1065 tantum
1029 1030 1066 1066 in
1086 1043 1132 1066 eo
1153 1030 1314 1066 editores
1334 1044 1418 1068 cum
1430 1034 1509 1077 Stp.
1524 1031 1597 1066 Th.
1619 1031 1713 1076 ipso,

211 1088 295 1112 cum
313 1077 509 1113 retinuerit
530 1079 570 1113 L.
591 1078 699 1118 Ern.,
731 1089 810 1113 non
836 1077 925 1115 item
946 1079 1034 1115 Hes.
1062 1091 1091 1120 ¹,
1121 1089 1200 1124 538.
1222 1093 1279 1122 e.,
1307 1080 1369 1116 sed
1395 1081 1532 1116 iterum
1550 1079 1655 1117 Suid.
1681 1091 1715 1121 1,
1774 1106 1777 1111 .

211 1135 293 1172 331.
318 1140 349 1162 e.
373 1128 545 1172 ἇςκτῷος,
573 1127 592 1163 o‘
608 1126 824 1168 ἂνκτολικδς,
848 1127 942 1163 miro
964 1127 1198 1176 glossemate,
1235 1131 1338 1176 quod
1358 1141 1396 1165 et
1415 1128 1516 1165 Vers.
1540 1128 1714 1169 servavit,

207 1184 281 1227 :Qec
299 1175 398 1211 Kust.
419 1186 483 1211 aut
500 1177 626 1221 Toup.
649 1174 886 1223 castig-arunt,
925 1189 1010 1213 cum
1028 1177 1198 1214 videatur
1219 1177 1391 1215 excidisse
1413 1177 1588 1225 aliquod,
1621 1189 1656 1212 v.
1678 1187 1712 1211 c.

194 1223 235 1259 ⁸03
256 1228 456 1265 ἂντῖκῖῐτ-κσι
486 1225 544 1260 cui
564 1225 770 1272 opponitur,
797 1223 819 1259 s·
840 1222 865 1271 qii
881 1228 1085 1267 ἔναντιοῖἷτσᾼ
1099 1250 1111 1267 ,
1145 1225 1170 1263 s.
1193 1224 1231 1263 οὗ
1249 1227 1461 1268 τοᾶνκντίον,
1497 1224 1565 1261 nifi
1583 1223 1714 1267 fuerit,

210 1279 271 1356 inab
285 1277 452 1320 ἂρκτῷος,
479 1273 523 1315 ὦς
545 1273 563 1311 ὅ
582 1273 798 1316 amonzeia,
833 1285 879 1310 ut
907 1275 1085 1313 exciderit
1112 1275 1224 1312 modo
1251 1275 1293 1318 ὦς
1315 1275 1362 1311 ob
1381 1287 1438 1322 pr.
1467 1274 1621 1310 similem
1637 1272 1715 1321 syl-

229 1333 244 1356 a
275 1334 329 1356 am

252 1370 331 1411 τούς
351 1370 433 1409 ὖπὸ)
461 1370 554 1406 Cod.
578 1383 768 1417 perperam
787 1377 840 1410 ἐπὶ
859 1376 936 1413 ταῖς
962 1377 1012 1410 ἂν.
1032 1373 1169 1408 Stroth.
1222 1375 1326 1409 Haec
1349 1371 1507 1409 mutatio
1536 1368 1716 1420 praepoli-

209 1417 324 1455 tionis
346 1419 382 1455 in
404 1419 535 1456 eodem
555 1421 625 1456 Ms.
647 1421 716 1458 Ve.
739 1420 882 1462 redit2‚
902 1432 936 1465 9,
960 1433 1035 1464 ¹7-=
1062 1434 1102 1459 vt
1113 1423 1196 1458 Var.
1216 1421 1343 1457 eadem
1362 1421 1463 1461 alibi,
1488 1433 1522 1456 v.
1533 1422 1620 1458 Luc.
1632 1420 1714 1457 lnd.

207 1470 258 1504 N.
279 1481 313 1503 v.
336 1474 388 1506 ἐπὶ
409 1479 447 1504 et
466 1468 581 1505 Fisch.
604 1468 694 1505 Plat.
714 1475 785 1514 Ap.
806 1481 837 1513 5.
867 1481 904 1516 p.
928 1482 984 1514 57.
1004 1472 1052 1506 N.
1069 1480 1098 1516 3.
1112 1492 1122 1508 ‚
1148 1471 1210 1506 hic
1229 1481 1272 1506 ut
1291 1469 1334 1506 fit
1349 1468 1490 1506 librarii
1513 1468 1631 1516 lapsus
1649 1479 1715 1506 aut

208 1517 338 1565 glossa,
369 1531 450 1554 cum
473 1530 537 1564 per
560 1517 596 1552 se
612 1530 685 1554 utr.
705 1518 803 1554 reste
818 1518 972 1559 habeat,
997 1532 1210 1567 quanquam
1233 1530 1366 1555 neutra
1384 1519 1423 1555 in
1444 1531 1536 1555 voce
1555 1527 1715 1554 tenente

207 1568 285 1612 Stp.
308 1567 378 1602 Th.
402 1567 569 1613 exempla
594 1566 794 1615 regionum
813 1568 963 1609 talium,
990 1570 1118 1615 quales
1141 1569 1203 1604 hic
1225 1568 1313 1604 sunt
1331 1580 1369 1604 et
1388 1568 1488 1608 alibi,
1515 1567 1575 1602 sed
1599 1565 1714 1602 modo

207 1615 375 1651 locorum
396 1615 587 1656 universe,
623 1629 661 1652 et
674 1615 810 1652 Nostro
830 1616 869 1651 in
888 1616 1022 1653 talibus
1039 1630 1116 1654 non
1137 1623 1214 1659 ἐπὶ,
1239 1616 1301 1653 sed
1321 1616 1383 1654 ὑπὸ
1407 1615 1629 1656 adhibente;
1657 1625 1716 1657 ut,

207 1663 232 1699 fi
253 1665 333 1711 quis
354 1665 536 1701 subtiliter
555 1664 741 1707 versetur,
767 1663 961 1701 discrimen
987 1666 1140 1714 aliquod
1161 1666 1327 1712 reperire
1346 1664 1509 1713 poterit,
1541 1663 1642 1712 quali
1661 1668 1714 1701 ἐπὶ

208 1729 241 1749 τ.
260 1719 309 1752 ἂν.
334 1713 377 1749 sit
398 1715 435 1749 in
457 1712 622 1754 oriente,
659 1714 783 1761 quoad
801 1718 850 1750 ἂν.
872 1713 1026 1752 sumitur
1048 1715 1094 1751 de
1113 1726 1231 1751 terrae
1250 1726 1403 1762 regione
1421 1726 1463 1750 ac
1490 1725 1616 1759 parte,
1653 1710 1717 1749 sed
1775 1719 1778 1731 ¹

209 1760 271 1800 ἐπεὶ
288 1780 320 1799 τ.
342 1768 390 1800 ἂν.
414 1763 478 1798 sub
500 1761 669 1804 oriente,
702 1766 825 1810 quoad
852 1766 902 1800 ἂν.
934 1764 980 1798 de
1009 1764 1104 1800 coeli
1136 1764 1240 1811 plaga
1260 1774 1299 1798 et
1318 1774 1424 1810 parte
1444 1764 1562 1803 valet;
1601 1774 1718 1810 quan·
1774 1763 1778 1766 ”

209 1824 341 1856 quam,
375 1811 399 1847 fi
419 1817 471 1849 ἐπ’)
502 1824 569 1858 pro
588 1816 683 1857 παρόι
702 1811 880 1857 accipias,
914 1823 953 1847 et
975 1822 1098 1848 totum
1123 1818 1176 1850 ἐπὶ
1195 1830 1228 1848 τ.
1252 1816 1287 1848 ἂ.
1310 1813 1355 1847 ad
1386 1812 1594 1851 orientem,
1629 1820 1716 1845 cum

209 1862 273 1898 ὁπό
293 1859 515 1902 conueniet;
544 1871 586 1895 ut
604 1862 665 1896 Sb.
688 1860 764 1896 lnd.
784 1858 813 1896 ὖ.
839 1865 941 1902 ,ποεῖς
955 1860 1008 1897 οἷν.
1029 1862 1094 1898 sub
1107 1862 1264 1902 oriente,
1292 1859 1314 1895 i.
1334 1861 1373 1897 in
1385 1861 1558 1896 oriente“
1582 1869 1622 1895 et
1636 1869 1718 1906 3‚·7‚
1774 1855 1777 1885 ἶ

214 1914 270 1948 16.
290 1906 487 1956 essi-secem
518 1906 691 1955 τξᾶπαικ,
726 1915 767 1947 τὸ
796 1914 856 1954 μὲν
885 1914 918 1947 ἐν
942 1910 1114 1958 ἀνατολῇ,
1149 1916 1188 1946 τὸ
1216 1910 1242 1948 δ’
1264 1908 1318 1946 ὕπ’
1338 1908 1474 1956 ἄρκτῳ..
1509 1907 1573 1945 fibi
1592 1907 1719 1945 substi·
1774 1908 1775 1913 ¹

210 1970 368 1995 tuunrur
387 1963 416 1996 ἐν
439 1970 477 1994 er
494 1957 525 1995 ὖ.
539 1981 551 2000 ,
576 1970 670 2004 quae
691 1970 813 2005 praep.
833 1970 873 1995 et
893 1970 960 2004 pro
977 1964 1010 1996 ἐν
1033 1959 1138 2006 saepe
1157 1959 1332 2005 ponitur,
1360 1970 1403 1994 ut
1420 1959 1498 1995 Lat.
1515 1957 1579 2005 sub
1597 1970 1665 2005 pro
1679 1958 1719 1993 in
1776 1989 1778 1994 ,

211 2006 444 2054 simpliciter,
471 2007 545 2047 line
561 2007 623 2043 illa
640 2007 842 2043 subtilitate
861 2006 1028 2055 phyfica5
1061 2008 1160 2044 unde
1179 2007 1289 2044 lestio
1313 2008 1462 2043 Ms.Ve.
1480 2017 1608 2043 manet
1623 2004 1720 2054 glos·
1755 2007 1777 2013 “’

213 2057 305 2092 sema
327 2055 502 2101 apertius.
552 2056 625 2092 Sed
649 2056 707 2092 illa
727 2057 801 2092 Ms.
824 2056 907 2097 Ba.,
933 2067 975 2092 ut
993 2069 1096 2092 nunc
1119 2057 1252 2097 habet,
1287 2067 1462 2102 corrupta
1481 2056 1651 2096 videtur,
1680 2064 1720 2090 et
1776 2077 1778 2079 »

214 2106 410 2153 aliquando
429 2105 534 2143 fuisse
552 2106 590 2140 in
612 2116 723 2153 marg.
743 2103 810 2141 ἐπεὶ
831 2112 894 2142 τῶν
912 2113 972 2147 τῆς
996 2104 1160 2149 ἀνατολῆς
1180 2113 1304 2151 μερῶν,
1340 2115 1405 2141 aut
1426 2109 1479 2140 ἐπὶ
1498 2111 1566 2141 τῶν
1584 2112 1644 2145 τῆς
1665 2104 1719 2140 ἆυ.
1774 2120 1775 2123 “

214 2163 313 2200 μερῶν
328 2177 338 2194 ,
363 2155 446 2199 quia
465 2154 554 2195 ἀπὸ,
582 2155 682 2201 quod
705 2154 768 2189 ille
787 2154 856 2190 Ms.
881 2164 1006 2194 tenet,
1038 2166 1124 2190 cum
1143 2153 1210 2191 ὁπδ
1230 2165 1269 2190 et
1290 2159 1344 2192 ἐπὶ
1364 2154 1475 2190 etiam
1495 2152 1589 2188 alias
1602 2152 1720 2188 variat

213 2202 550 2252 confunditurquc..
579 2214 622 2239 ut
641 2202 681 2238 in
704 2202 776 2239 Ms.
798 2201 858 2237 Vi.
887 2202 948 2237 hic
968 2201 1126 2243 accidit,
1153 2202 1339 2250 vulgatam
1361 2201 1401 2238 in
1422 2200 1574 2249 reliquis
1585 2212 1721 2238 tenen·
1774 2192 1777 2205 ¹

213 2263 251 2286 tc
265 2277 273 2290 ,
300 2250 346 2285 cf.
365 2251 479 2287 Fisch.
500 2253 524 2287 l.
544 2252 566 2286 l.
580 2278 590 2294 ,
614 2264 684 2287 nec
700 2250 792 2287 facit
809 2250 951 2288 sensum
972 2250 1012 2287 in
1034 2251 1169 2287 vicinia
1189 2250 1337 2286 illorum
1359 2267 1489 2294 ποιουμ.
1509 2266 1543 2287 τ.
1562 2256 1609 2295 β.,
1630 2260 1720 2285 con-

214 2312 269 2334 tra
284 2324 294 2340 ‚
320 2298 519 2336 substitutis
539 2300 603 2338 ὑπὸ
624 2311 686 2336 aut
704 2305 771 2341 ἐπὶ,
794 2311 902 2337 tenes
923 2300 1158 2341 sententiam,
1183 2300 1246 2336 sed
1267 2310 1307 2336 et
1324 2301 1471 2348 glossam
1493 2298 1720 2335 manifestam

214 2346 370 2389 iterum,
405 2349 446 2383 in
474 2361 544 2396 qua
571 2356 607 2386 αἱ
623 2349 785 2387 ἀνατολαὶ
814 2350 1041 2397 explicantur
1063 2363 1127 2396 per
1145 2355 1190 2387 τὰ
1209 2358 1270 2391 τῆς
1287 2349 1452 2390 dua-roais·
1471 2355 1574 2394 μέρη,
1614 2346 1718 2394 quod

215 2397 406 2443 procedit,
436 2408 642 2445 quanquam
664 2411 743 2434 non
764 2398 814 2434 est
833 2397 1094 2439 necessarium,
1118 2411 1160 2435 ut
1178 2398 1282 2434 vides
1305 2398 1344 2444 in
1370 2400 1458 2446 Bg..
1485 2397 1550 2445 qui
1574 2410 1594 2433 e
1609 2397 1648 2432 P.
1670 2395 1718 2432 de

214 2446 309 2482 coeli
332 2447 433 2493 plaga
453 2446 695 2487 intellexerit,
721 2459 761 2483 et
781 2449 949 2484 orientem
962 2447 1069 2494 solem
1090 2447 1238 2483 deloco
1262 2445 1359 2483 coeli
1374 2471 1384 2488 ‚
1417 2447 1483 2484 ubi
1503 2445 1556 2483 sol
1575 2445 1719 2485 oritur-3

215 2506 292 2541 quo
318 2495 422 2531 sensu
444 2494 541 2530 istam
562 2496 638 2531 Lat.
664 2496 864 2533 formulam
886 2496 992 2542 saepe
1013 2495 1102 2532 licet
1122 2496 1288 2544 accipere
1302 2520 1313 2536 ,
1353 2509 1435 2532 cum
1459 2494 1628 2532 absolute
1648 2505 1719 2539 po-

215 2543 338 2585 nitur,
369 2543 428 2580 etsr
451 2542 556 2578 aliter
577 2554 749 2589 quoque,
784 2558 868 2582 cum
888 2544 1028 2593 aliquid
1056 2545 1106 2582 est
1125 2544 1358 2586 adiunRum,
1380 2556 1486 2591 utap.
1502 2542 1577 2580 Cic.
1591 2545 1727 2578 Somn.·

215 2596 270 2629 Sc.
295 2604 326 2627 c.
346 2596 376 2626 6.
405 2605 434 2627 c.
455 2592 493 2627 in
513 2594 658 2639 reliquis
678 2593 833 2630 orientis
856 2605 920 2630 aut
941 2595 1114 2630 obeuntis
1130 2595 1215 2643 solis
1245 2594 1408 2636 ultimis,
1445 2603 1509 2629 aut
1535 2590 1721 2639 aquilonis

215 2640 371 2689 austrive
388 2641 573 2689 partibu54
610 2639 670 2675 hic
691 2655 710 2676 e
731 2644 766 2677 Ρ.
793 2641 959 2679 servante
979 2645 1042 2691 Bg.
1065 2643 1231 2679 additum
1255 2643 1360 2679 subst.
1390 2643 1504 2685 ἦλίου,
1521 2644 1524 2646 ’
1543 2641 1607 2688 qui
1635 2650 1720 2689 geu.

216 2691 300 2726 alias
319 2701 403 2726 cum
424 2689 568 2731 ἀνατολὴ
591 2699 629 2725 et
649 2693 755 2734 δυο-μῆ
777 2691 872 2729 solet
894 2691 1008 2729 adesse
1027 2705 1069 2729 ac
1089 2690 1272 2740 suppleri,
1308 2704 1339 2727 v.
1361 2693 1440 2738 Stp.
1460 2690 1532 2726 Th.
1557 2701 1590 2736 3,
1615 2691 1720 2735 1366.

219 2739 252 2773 F.
269 2738 290 2774 i.
313 2748 353 2775 et
380 2751 416 2784 4,
448 2746 530 2783 788·
551 2737 574 2774 i.
601 2739 642 2775 L.
671 2739 752 2774 Bos.
770 2740 840 2776 ΕΙΙ.
862 2753 896 2788 p.
920 2751 998 2789 ¹33-
1022 2739 1043 2777 i.
1073 2752 1111 2778 et
1133 2741 1169 2777 1.
1196 2740 1243 2779 N.
1265 2742 1315 2777 T.
1333 2740 1454 2777 Schw.
1481 2751 1518 2788 p.
1534 2749 1615 2784 ¹04·
1637 2738 1672 2774 b.
1695 2737 1720 2773 i.
1758 2775 1760 2777 ,
