1772 3158
157 121 183 162 7
196 119 216 164 5
231 112 258 156 8
570 105 870 156 EXCVRSVS
903 112 988 154 AD
1026 110 1172 154 LIBR.
1197 110 1233 156 I.

151 231 191 265 p.
206 230 264 255 21.
282 231 314 255 e.
335 229 369 256 et
389 230 464 266 quo
482 215 665 257 deduffzum'
686 233 758 256 nos
779 233 983 257 communem
1000 220 1082 256 urbi
1102 221 1262 267 hymnum
1284 217 1481 256 iucundam
1499 221 1553 256 ad
1573 229 1649 269 gra-

152 267 242 303 tiam
260 267 516 315 persolvemus?
551 269 611 306 ubi
631 274 663 311 ἐς
681 286 719 314 χ.
739 268 762 304 i.
775 283 809 317 q.
828 270 910 314 πςὲς
935 286 972 314 χ.
985 293 996 309 ,
1019 269 1078 305 sed
1100 269 1173 304 hoc
1191 267 1307 309 sensu,
1332 268 1482 314 opinor,
1505 279 1571 315 per
1589 269 1647 305 iu·

152 316 312 351 cundam
329 319 540 362 gratiarum
559 319 746 360 amonem,
771 319 798 354 s.
818 331 901 355 cum
918 317 1072 354 iucunda
1092 317 1288 366 gratiarum
1307 316 1469 359 afflone,
1492 318 1518 354 s.
1531 330 1574 354 ex
1590 318 1648 353 iu-

153 365 274 399 cunda
293 365 404 400 animi
425 366 664 413 gratitudine.

230 413 444 450 ,Praeterea
472 415 514 450 ad
540 415 705 451 nostrum
724 416 849 452 locum
876 415 1062 463 quaeritur
1081 415 1126 452 de
1145 414 1465 461 interpunffione3
1501 413 1564 450 ubi
1587 426 1646 461 ap.

150 463 217 509 Bg.
243 462 394 510 quidem
422 475 603 499 commata
628 466 744 511 reperi
773 476 916 500 tantum
947 464 1024 511 post
1049 474 1280 510 tyrannorum
1308 475 1346 498 et
1372 463 1648 506 venerationem,

152 523 233 546 non
255 511 345 546 item
366 511 501 547 deinde
518 513 596 559 post
616 526 735 559 regum
748 524 809 549 aut
827 515 920 560 priv.
937 514 1124 553 hominum3
1148 514 1249 549 unde
1265 513 1346 558 quis
1364 511 1552 551 conficiat,
1580 513 1646 559 Bg.

153 558 346 595 instituere
366 559 426 594 hic
443 573 578 596 novam
597 561 842 609 distinguendi
865 562 1043 597 rationem
1064 562 1173 597 etiam
1193 560 1231 596 in
1243 562 1308 597 Gr.
1329 572 1447 601 textu,
1473 572 1527 600 ut,
1546 572 1648 594 com-

151 619 251 644 mate
271 607 390 654 pofito
410 609 490 656 post
506 615 626 653 τιμὴν,
663 611 718 646 isti
741 623 813 645 acc.
842 610 981 657 priores
1007 610 1193 646 trahantur
1209 622 1339 645 omnes
1366 609 1411 644 ad
1433 620 1547 644 unum
1573 624 1650 654 τυς.

154 667 257 703 germ
284 656 418 703 quibus
439 660 617 694 contraria
638 659 686 695 est
705 659 956 705 interpunffio
977 660 1206 706 quarundam
1223 658 1326 697 edd..
1354 670 1423 705 qua
1444 669 1585 692 comma
1607 657 1650 693 fit

156 705 235 751 post
251 712 331 751 βασ.
352 717 388 741 et
405 710 469 747 23„
495 717 539 742 ut
556 707 600 742 fit
618 721 688 743 una
708 720 786 752 pars
805 709 834 744 ὀὶ
854 707 983 753 arpie—
1003 713 1165 753 τυράννων
1178 732 1188 748 .,
1215 707 1276 743 sed
1294 708 1406 742 altera
1427 721 1547 743 κοᾸ.--
1564 710 1650 742 ἰδιω-

153 761 241 794 τῶν,
271 753 315 788 ad
333 766 442 800 quam
463 766 502 791 et
521 757 557 792 P.
577 756 761 798 reddidit,
794 768 1002 804 quanquam
1025 757 1194 792 oratione
1215 756 1372 796 inversa,
1412 771 1482 798 τκμ.
1510 766 1549 791 et
1574 766 1644 790 καλ.

154 803 239 838 loco
265 802 416 838 dimotis
436 803 499 840 suo
513 829 524 846 ‚
560 816 599 840 et
625 805 767 841 diverso
788 806 900 841 etiam
919 807 1032 841 modo
1059 804 1250 851 expressis,
1282 805 1321 840 in
1341 803 1467 839 laudes
1486 823 1523 829 -—
1543 802 1650 850 affin-

154 851 347 886 tationibus
368 851 490 900 effusi,
522 865 633 899 atque
652 853 744 890 adeo
762 855 880 889 altero
898 867 968 901 pro
989 855 1093 890 causa
1115 853 1267 894 habito,
1301 852 1463 893 sensum,
1498 853 1649 899 opinor.

153 899 218 935 ille
241 899 386 936 secutus
406 901 518 949 magis
542 903 859 950 qualemcunque,
893 915 1002 950 quam
1035 902 1234 939 lectionem
1250 902 1376 943 aliam,
1411 901 1527 936 veluti
1552 912 1650 937 κολω-

153 954 229 995 κείᾳ
247 954 286 985 τὲ
304 954 347 988 εἰς
365 957 460 992 τιμὴν
481 963 512 988 λ.
526 975 537 991 ‚
567 963 638 997 qua
657 963 783 998 pereat
799 951 923 987 Nostri
944 951 1174 987 concinnitas
1194 951 1234 986 in
1254 950 1330 997 pari
1350 947 1651 990 accusativorum,

153 1009 173 1031 a
194 996 278 1042 πρός
298 999 558 1044 pendentium.
610 1002 708 1042 Iam,
734 1013 817 1036 cum
837 1013 998 1047 utroque
1017 1000 1056 1036 in
1078 1000 1212 1041 modo,
1237 1009 1362 1035 vetere
1376 1011 1416 1034 ac
1433 1010 1546 1038 novo,
1571 1013 1649 1043 τυς.

152 1045 193 1080 in
217 1047 332 1092 prima
360 1058 463 1093 parte
491 1049 558 1084 stet
586 1049 812 1091 solitarium,
848 1061 887 1086 et
911 1050 1044 1086 deinde
1067 1049 1100 1086 ei
1125 1058 1362 1096 opponantur
1384 1059 1459 1084 tres
1489 1058 1573 1095 gen.
1595 1045 1651 1082 illi

151 1101 236 1140 βασ.
255 1115 293 1123 -
313 1107 391 1132 πολ.
413 1106 452 1131 et
471 1102 533 1134 Ξδ.ι
571 1110 618 1132 ne
645 1098 685 1134 id
713 1097 796 1139 fiat,
836 1098 961 1134 malim
988 1099 1090 1134 hunc
1115 1098 1240 1134 locum
1270 1096 1318 1132 ita
1347 1108 1499 1143 capere,
1533 1108 1575 1132 ut
1593 1093 1650 1130 isti

153 1154 229 1177 acc.
251 1156 320 1180 aaz.
338 1150 376 1180 τέ
396 1139 415 1186 ἢ
434 1160 504 1189 τιμ.
525 1156 668 1183 tantum
691 1145 830 1184 traiecti
851 1147 932 1188 lint,
965 1147 1114 1194 proprie
1131 1148 1373 1182 cohaerentes
1392 1158 1474 1182 curn
1496 1157 1548 1190 pr.
1570 1142 1654 1179 cafi-

153 1192 222 1227 bus
254 1192 420 1228 eiusdem
450 1195 594 1241 generis
622 1199 703 1239 ἐχθ.
731 1191 863 1240 ἣμισυ,
897 1206 1013 1243 utque
1042 1195 1087 1231 sic
1107 1195 1220 1231 etiam
1241 1207 1324 1243 gen.
1344 1210 1418 1240 τηρ.
1440 1191 1651 1238 ςυῐηξῐοείίς

152 1239 333 1286 deinceps
351 1244 560 1287 copuletur.
608 1245 793 1281 Traiestio
807 1244 957 1292 quidem
969 1244 1065 1284 talis,
1093 1243 1176 1280 alibi
1200 1244 1311 1280 etiam
1329 1243 1451 1284 obvia,
1477 1243 1538 1279 hic
1549 1242 1651 1278 forte

151 1302 172 1324 a
192 1289 315 1324 Nostri
339 1291 516 1337 elegantia
539 1292 709 1334 venerit,
741 1307 789 1329 ne
816 1293 950 1329 ssmiles
976 1294 1071 1329 casus
1091 1292 1192 1329 simul
1222 1292 1346 1339 plures
1375 1301 1650 1328 concurrerent.

151 1338 288 1379 Nunc,
315 1350 357 1374 ut
376 1339 415 1374 in
435 1339 520 1375 loco
539 1342 733 1389 ambiguo,
770 1341 1042 1378 distinstionem
1059 1344 1138 1388 Stp.
1163 1341 1302 1377 servare
1324 1341 1541 1381 debuimus,
1581 1352 1650 1386 pro

152 1386 273 1422 nostra
291 1387 500 1424 coniectura
514 1400 624 1436 atque
643 1391 825 1439 etiamBg.
843 1390 1012 1427 novitate
1029 1391 1206 1427 habentes
1225 1389 1523 1425 consentientem
1536 1389 1650 1425 etiam

152 1435 267 1471 Vern.
286 1436 408 1478 vers..
441 1450 461 1472 e
478 1439 587 1474 Dauo
605 1440 825 1476 confenam.
1235 1480 1240 1482 .

253 1484 429 1531 Sequitur
450 1486 496 1521 dc
524 1486 558 1521 vi
592 1488 695 1524 vocis
722 1488 878 1535 τύραννος
894 1488 930 1523 h.
952 1489 976 1523 l.
992 1512 1003 1529 ‚
1029 1500 1113 1528 cum
1136 1487 1299 1526 constet.
1328 1487 1524 1533 dupliciter
1541 1486 1652 1527 sumi,

152 1534 186 1576 I)
207 1532 246 1568 in
267 1533 399 1569 malam
417 1546 581 1580 partem,
618 1549 697 1572 non
725 1536 771 1573 de
798 1538 832 1582 a)
854 1551 900 1572 eo
919 1537 1059 1577 solum,
1090 1537 1154 1584 qui
1183 1537 1219 1571 in
1241 1536 1352 1571 libera
1373 1548 1449 1582 rep.
1475 1536 1576 1572 malis
1600 1548 1654 1571 ar-

152 1582 277 1623 tibus,
308 1582 343 1616 vi
368 1594 406 1617 ac
427 1584 576 1625 fraude,
614 1585 816 1632 invitisque
844 1585 985 1621 civibus
1009 1585 1162 1632 reliquis
1181 1585 1224 1619 ad
1253 1584 1431 1620 summum
1455 1583 1654 1631 imperium

152 1630 386 1677 pervenerit,
413 1644 542 1668 verum
562 1633 673 1669 etiam
698 1634 737 1680 b)
755 1634 800 1669 de
821 1634 910 1675 hoc,
935 1633 1021 1681 qui,
1052 1634 1229 1670 summam
1249 1646 1368 1669 rerum
1389 1634 1541 1679 adeptus
1563 1633 1654 1681 legi-

152 1679 267 1721 time,
302 1691 364 1725 per
383 1679 628 1717 hereditatem
645 1692 709 1719 aut
728 1683 969 1723 eletkionem,
1011 1694 1135 1719 tamen
1166 1681 1325 1718 severius
1356 1683 1514 1727 imperet
1537 1693 1652 1729 atque

152 1728 363 1767 crudelius,
401 1730 448 1771 Π)
469 1729 508 1765 in
529 1731 662 1769 bonam
686 1743 823 1777 partem
846 1742 884 1767 et
901 1727 1068 1768 universe
1086 1732 1131 1768 de
1151 1743 1269 1768 terrae
1293 1730 1527 1778 civitatisque
1551 1730 1653 1778 prin-

151 1775 235 1822 cipe
257 1788 297 1811 ac
319 1776 497 1820 domino,
527 1779 576 1817 cf.
597 1781 644 1817 de
665 1779 775 1828 priori
795 1781 878 1816 Hes.
902 1794 936 1822 2,
958 1780 1098 1826 1435.i.
1124 1791 1163 1817 et
1174 1780 1457 1821 Xen.Bach.Z.,
1482 1779 1547 1816 ubi
1560 1791 1651 1827 opp.
1667 1820 1676 1830 θ

151 1828 307 1866 ἰδιωτῶν,
340 1825 403 1862 sed
431 1826 477 1863 de
508 1829 616 1874 postr.
637 1830 715 1876 Stp.
737 1830 809 1865 Th.
830 1840 865 1876 3,
890 1834 993 1873 ¹697·
1015 1831 1053 1865 F.
1080 1830 1194 1865 Hoer.
1223 1829 1267 1864 ad
1298 1828 1410 1876 Soph.
1433 1829 1492 1865 Ai.
1513 1841 1548 1864 ν.
1567 1833 1651 1873 760.

150 1873 328 1910 Schurzfl.
355 1877 429 1912 An.
461 1879 504 1914 ad
526 1877 644 1925 Long.
666 1895 703 1915 π.
724 1878 780 1922 ὖψ.
801 1891 836 1926 p.
855 1889 914 1925 43.
935 1878 959 1914 i.
989 1880 1166 1914 Ammon.
1187 1891 1220 1925 p.
1245 1887 1323 1924 138.
1338 1877 1361 1913 i.
1387 1878 1491 1914 Suid.
1511 1887 1545 1924 3.
1567 1886 1651 1921 518.

145 1934 237 1966 scum
259 1925 308 1959 N.
333 1934 364 1970 3.
393 1924 498 1961 Arist.
519 1927 643 1963 Schol.
662 1927 715 1962 ad
734 1928 825 1963 Ach.
847 1941 882 1963 v.
899 1932 957 1963 61.
977 1926 1052 1964 fine
1072 1926 1261 1964 Ind.Kust.
1275 1948 1286 1963 ‚
1310 1927 1371 1974 qui
1392 1927 1441 1962 ib.
1463 1937 1653 1974 comparat

150 1972 278 2008 Schol.
300 1973 423 2010 Thuc.
446 1975 526 2020 (qui
548 1985 672 2012 tamen
694 1988 725 2018 1,
748 1987 802 2022 ¹3·
825 1975 871 2012 de
888 1985 1036 2022 τυραννὶς
1063 1975 1159 2024 agit,
1193 1975 1418 2024 distinguens
1446 1988 1464 2011 a
1482 1981 1653 2022 βασιλείᾳ,

150 2032 196 2057 ut
213 2022 381 2058 Socrates
400 2022 441 2059 in
465 2025 575 2059 Mem.
598 2026 716 2066 Xen.‚
744 2039 777 2061 v.
797 2025 875 2061 lnd.
893 2026 934 2062 Z.
948 2051 958 2067 ‚
995 2036 1034 2061 et
1053 2025 1176 2061 Schol.
1195 2031 1229 2069 β.
1249 2025 1293 2061 ad
1314 2025 1444 2061 Aesch.
1465 2026 1582 2060 Proin.
1603 2025 1652 2059 V.

150 2081 187 2104 ν.
209 2081 264 2107 ιο.
286 2071 422 2117 Spanh.
443 2072 487 2107 ad
508 2072 612 2108 Arist.
633 2075 727 2109 Plut.
752 2087 788 2109 v.
807 2087 909 2117 124.,
934 2073 998 2111 ubi
1019 2073 1122 2110 locus
1141 2073 1290 2122 Tragici
1309 2074 1357 2110 est
1377 2074 1426 2109 ib.
1448 2073 1595 2117 v.222.)
1615 2083 1653 2109 et

148 2120 250 2156 Nub.
272 2132 305 2154 ν.
318 2124 399 2165 564.
424 2121 552 2157 Gatak.
572 2121 782 2159 Adv.Misc.
797 2123 913 2159 Posth.
932 2136 969 2170 p.
989 2132 1061 2169 173.
1080 2124 1126 2158 D.
1143 2136 1175 2158 e.
1202 2121 1309 2158 lndd.
1320 2123 1420 2158 Harl.
1434 2123 1522 2160 Chr.
1535 2123 1654 2164 Ροδε..

149 2167 233 2204 ΑεΙ.
252 2169 296 2204 V.
315 2168 351 2204 h.
373 2168 482 2205 Isocr.
503 2171 567 2206 Ev.
588 2173 682 2208 Xen.
698 2171 789 2217 Ἀμβ.
808 2173 909 2208 Mor.
925 2182 964 2207 et
980 2172 1024 2207 Z.
1040 2171 1140 2213 Pol..
1176 2172 1238 2208 ubi
1259 2170 1409 2219 copulat
1434 2177 1592 2217 βασιλέας
1613 2190 1653 2198 -

148 2217 377 2262 τυράννους*
397 2216 599 2264 σατράπας,
626 2219 674 2255 cf.
693 2221 857 2269 Longin.
879 2221 900 2256 l.
920 2221 944 2255 l.
968 2232 1027 2262 17,
1043 2233 1073 2256 r.
1098 2233 1133 2267 p.
1150 2233 1162 2257 ι
1175 2220 1287 2263 18.i.,
1312 2231 1356 2256 ut
1374 2219 1495 2257 secum
1505 2223 1654 2265 βασιλεῖς

148 2265 202 2307 xx}
221 2262 491 2312 αὐτοκράτορας,
521 2268 790 2316 oppofitosque
817 2269 925 2316 ᾆῆγας
943 2268 1050 2305 affert
1070 2269 1226 2306 Beckius
1246 2269 1285 2306 in
1310 2281 1369 2314 ep.
1388 2268 1434 2304 ad
1452 2270 1588 2304 Zonar.
1612 2281 1650 2316 p.

147 2325 207 2356 27.
221 2327 268 2350 m.
287 2325 326 2350 et
348 2329 380 2362 p.
400 2316 449 2362 sq.
463 2329 508 2352 m.
522 2341 533 2356 ,
557 2317 618 2354 sed
640 2330 748 2362 porro
767 2318 1047 2365 coniunguntur
1059 2321 1241 2364 τυραννίδες
1259 2320 1312 2362 nov)
1330 2323 1498 2364 βασιλεῖαι,
1511 2318 1550 2353 in
1562 2318 1651 2355 Ceb.

149 2363 220 2398 rab.
245 2375 275 2398 c.
289 2374 322 2405 7.
337 2376 392 2405 e.,
418 2365 480 2400 sed
500 2377 556 2412 ap.
576 2366 674 2402 Phil.
698 2366 736 2402 in
754 2367 869 2402 Flacc.
891 2375 974 2410 758.
989 2380 1023 2402 e.
1040 2373 1101 2409 τὴν
1119 2372 1305 2411 ἐπιμέλειαν
1321 2366 1376 2409 καὶ
1396 2372 1583 2414 reorum
1603 2372 1650 2408 εἰς

149 2414 322 2451 &uvas-eim
339 2414 392 2455 κω)
413 2418 589 2459 τυραννίδα
609 2414 913 2460 μεθαρμοσάμενοι,
941 2417 1005 2462 qui
1024 2416 1237 2463 potestatem
1257 2416 1451 2463 legitimam
1471 2417 1510 2451 in
1526 2425 1653 2462 tyram

147 2461 262 2496 nicam
294 2462 502 2507 potentiam
528 2474 744 2504 verte-stant,
773 2465 841 2511 per
860 2463 1055 2506 hendiad„
1090 2477 1157 2511 pro
1182 2465 1339 2506 severis,
1375 2466 1438 2512 qui
1462 2476 1585 2500 curam
1611 2474 1651 2500 et

143 2510 414 2555 praefelluram
433 2510 456 2546 s.
468 2511 818 2550 administrationem
838 2513 876 2548 in
898 2512 1129 2550 dominatum
1150 2523 1186 2550 et
1203 2513 1437 2562 tyrannidem
1456 2514 1651 2549 transtule-

148 2567 248 2592 runt.
298 2557 416 2606 Igitur
434 2559 495 2595 hic
508 2563 570 2608 Bg.
589 2573 674 2597 cum
687 2561 723 2596 P.
744 2562 910 2598 severum
931 2563 1011 2599 Lat.
1027 2562 1208 2604 adhibuit,
1240 2575 1304 2611 per
1315 2562 1351 2599 se
1370 2561 1518 2610 quidem
1535 2573 1650 2609 aeque

144 2604 220 2641 late
251 2617 403 2651 patens,
437 2608 499 2645 sed
525 2622 544 2645 a
571 2609 809 2657 scriptoribus
841 2622 962 2647 tamen
992 2623 1184 2658 acceptum
1212 2610 1326 2658 magis
1356 2612 1396 2647 in
1425 2609 1651 2647 deteriorem

146 2665 309 2709 partem,
348 2667 391 2692 ut
408 2656 480 2693 hl.
503 2669 655 2705 quoque
683 2661 845 2706 ceperim
864 2660 913 2695 ob
933 2659 1100 2696 adiuncta
1120 2657 1254 2706 ἔχθραν
1277 2658 1296 2700 ἦ
1317 2664 1437 2704 μῖσος,
1467 2671 1562 2704 quae
1582 2671 1650 2706 po-

146 2714 222 2739 tius
244 2705 383 2742 cadunt
410 2717 449 2742 m
478 2716 657 2756 tyrannos
684 2708 780 2748 malo
800 2707 926 2755 sensu5
961 2711 1060 2749 unde
1088 2715 1237 2755 βασιλεῖς
1258 2721 1387 2749 contra
1408 2706 1468 2747 hic
1489 2707 1580 2747 boni
1607 2719 1649 2745 ac
