1798 3163
188 155 361 202 LIBER
381 155 418 199 1.
462 153 587 200 CAP.
611 152 689 198 VI.
726 153 847 196 A.V.
871 152 919 197 C.
945 162 1068 207 933.
1110 152 1248 198 CHR.
1271 155 1333 198 N.
1361 159 1476 204 180.
1522 169 1618 215 195

113 269 264 338 ,,μενόν
277 289 325 319 τε
337 268 412 318 καὶ
439 263 717 335 ὀρυττόμενον
731 266 860 314 πίνων
895 265 1028 317 latam
1035 276 1073 317 et
1083 266 1267 336 effoffizm
1278 267 1417 320 bibere
1427 289 1584 342 aquam
1595 274 1625 327 ἓ

112 338 306 416 ,,ὅὸως“;
336 341 470 394 ἄλλοι
491 337 541 392 δὲ
560 339 853 392 ἀπολαύσω·
895 361 941 404 5.
989 345 1056 397 At
1103 345 1182 403 alii
1221 343 1433 413 fruentur
1482 348 1627 415 calidis

207 472 238 509 a)
264 470 298 500 ln
327 466 391 499 Ms.
419 467 473 499 na.
501 465 557 497 hic
585 475 652 497 non
681 464 725 496 est
754 465 980 506 interrogandi
1010 465 1146 508 signum.
1169 465 1278 499 Mirt-
1325 467 1390 500 Sed
1409 468 1491 511 quid
1509 470 1625 503 aliud?

117 513 221 546 Modo
242 513 276 545 in
299 513 370 544 Par.
392 511 461 543 duo
480 512 621 553 punaa,
654 521 688 543 et
708 511 741 542 in
763 513 794 543 Β.
819 519 850 543 1.
874 520 1024 549 comma,
1050 521 1083 543 v.
1101 511 1148 545 N.

116 627 224 664 quam
240 613 312 650 hoc
331 611 442 651 facile
461 625 602 652 careas;
631 611 668 648 in
688 611 822 661 quibus
843 611 941 649 nihil
958 611 1029 654 est,
1062 625 1172 662 quam
1191 615 1247 651 vis
1278 614 1423 660 leniter·
1436 615 1626 664 imperan-

115 666 177 706 di,
215 663 418 705 monendi,
452 661 651 704 suadendi,
687 663 908 698 cohortanii
939 676 981 698 ac
998 663 1251 712 corripiendi;
1289 678 1359 701 uec
1389 667 1425 701 in
1453 668 1628 714 negativa

106 727 214 755 cum·
231 712 525 764 interrogatione
556 724 620 759 per
646 711 684 748 se
713 711 763 748 est
791 711 990 760 empaafis,
1036 712 1098 749 sed
1131 714 1223 750 alius
1248 714 1450 764 eloquendi
1477 717 1627 758 modus,

115 776 226 812 quam
249 763 419 800 oratione
440 763 534 798 resta
553 773 591 797 et
612 762 758 802 aiente,
788 761 978 798 interdum
997 762 1062 798 illc
1082 775 1226 798 rantum
1247 763 1292 798 ad
1313 763 1530 801 uariandum
1545 777 1632 811 per-

116 815 263 853 tinens;
290 810 355 848 nili
376 810 553 855 emphasis
577 810 636 846 illa
659 822 856 858 quaeratur
876 811 914 846 in
938 824 996 851 eo,
1027 814 1128 859 quod
1148 810 1397 861 interrogatio
1422 813 1629 861 aliquando

115 859 313 898 adhibetur
331 862 373 898 ad
400 860 570 897 affcstum
591 859 851 901 indicandum,
891 860 940 897 cf.
966 861 1053 897 Ern.
1081 860 1176 896 rhet.
1200 859 1232 906 §.
1255 872 1356 908 359.‚
1392 864 1531 911 estque¹
1548 876 1630 909 tum

114 911 230 948 animi
251 911 455 951 commoti,
481 909 503 944 i.
527 908 733 949 irascentis,
764 909 946 951 dolentis,
975 908 1228 957 indignantis‚·
1256 911 1359 958 quod
1379 911 1474 948 eth.
1495 914 1518 947 l.
1542 926 1630 959 pro-

115 960 247 1002 cedat,
278 960 338 996 ubi
361 958 600 995 assentatores
621 969 659 994 et
677 957 864 995 delicatuli
883 958 1060 994 homines
1082 970 1161 995 non
1181 969 1254 995 tam
1279 960 1495 1005 Commodi.
1516 973 1630 1009 quain

114 1010 175 1048 sua
195 1008 296 1046 causa
311 1034 321 1050 ,
348 1008 488 1045 suerint
510 1008 549 1043 in
568 1006 719 1048 dolore,
757 1007 807 1042 ira
834 1018 871 1043 et
889 1007 1151 1055 indignatione
1180 1008 1229 1042 ob
1250 1008 1419 1047 miseram
1441 1010 1554 1047 huius
1574 1023 1632 1046 re-

116 1059 241 1108 gionis
266 1058 529 1095 conditionem
551 1056 716 1092 omnium
748 1069 793 1093 ue
810 1056 1027 1092 suavitatum
1048 1056 1255 1102 penuriam.
1308 1058 1451 1094 Similis
1470 1060 1566 1096 ratio
1578 1059 1629 1096 est

115 1111 157 1146 in
175 1109 257 1144 Lat.
284 1108 368 1156 quin
388 1119 470 1144 cum
490 1106 656 1153 imperat.
675 1105 699 1140 s.
716 1068 826 1141 Hnito
848 1105 986 1148 modo,
1014 1105 1117 1153 quod
1147 1104 1278 1141 resolvi
1308 1106 1401 1144 licet
1428 1108 1466 1145 in
1486 1109 1631 1155 princi-

114 1172 201 1207 pem
223 1157 423 1194 notionem
448 1154 570 1197 suam,
598 1166 665 1201 pro
691 1154 755 1201 qui
781 1165 884 1195 non,
919 1154 944 1191 i.
967 1167 1080 1201 quare
1097 1167 1200 1196 non,
1235 1154 1283 1190 cf.
1305 1157 1350 1192 G.
1375 1157 1449 1193 Th.
1473 1170 1532 1202 42,
1554 1170 1631 1204 59..

116 1208 180 1244 ubi
205 1206 343 1244 deinde
369 1205 394 1241 l.
416 1209 473 1251 64.
504 1216 618 1246 „cum
648 1201 819 1250 imperat.
851 1203 1080 1250 corripiendi
1111 1204 1136 1240 s.
1160 1202 1370 1252 imperandi
1398 1206 1472 1244 vim
1493 1208 1632 1244 habet“

115 1257 166 1294 cf.
187 1257 275 1292 Hor.
297 1253 404 1292 Turs.
426 1267 462 1301 p.
484 1256 566 1298 906.
581 1278 592 1293 ,
617 1263 826 1301 quanquam
847 1252 1022 1300 de‘postr.
1045 1254 1208 1291 dubitari
1226 1255 1366 1302 potest,
1399 1268 1486 1294 cum
1509 1270 1553 1294 ea
1574 1255 1633 1293 vis

114 1307 188 1343 iam
210 1305 301 1342 sitin
322 1304 402 1352 ipso
422 1303 655 1350 imperativo.

166 1352 192 1394 ὖ
213 1356 337 1402 δεσπ.)
356 1354 513 1394 domine,
544 1364 616 1399 qua
639 1363 733 1388 voce
757 1350 855 1389 Plin.
876 1350 1003 1389 iunior
1025 1353 1064 1389 e‘t
1094 1353 1252 1390 Martini.
1278 1353 1470 1392 honorant
1497 1355 1633 1393 itidem

113 1406 367 1453 imperatores.
424 1401 485 1438 Sic
515 1413 638 1438 autem
670 1411 710 1437 et
737 1402 849 1448 paulo
883 1401 962 1449 post
990 1401 1041 1449 (§.
1074 1404 1144 1449 12.)
1173 1410 1286 1441 τέκνον
1313 1412 1369 1451 tege)
1398 1409 1493 1443 δεστ,
1512 1407 1633 1455 Steph-

113 1457 207 1494 Non
230 1454 342 1490 modo
363 1451 422 1487 hic
441 1451 652 1487 adulatores
675 1450 807 1486 dicunt
827 1451 1081 1488 Commodum
1101 1448 1291 1496 δεσπέτην,
1327 1454 1388 1490 sed
1413 1468 1499 1491 mox
1519 1456 1550 1504 §.
1576 1467 1635 1492 12.

112 1502 359 1550 Pompeianus
380 1501 540 1538 eundem
563 1499 620 1536 his
643 1501 761 1536 verbis
778 1501 1002 1545 compellat,
1030 1517 1063 1538 τ.
1081 1519 1110 1538 κ.
1130 1504 1159 1537 ὂ.
1216 1503 1341 1549 Vulgo
1355 1504 1637 1552 negantausto-

101 1566 195 1595 ιτς,
215 1553 312 1588 hanc
331 1550 662 1599 compellationem
675 1549 754 1588 vesse
777 1561 904 1585 tantae
923 1550 1181 1597 antiquitatis,
1220 1564 1254 1588 v.
1278 1553 1398 1588 Wolf.
1420 1555 1504 1590 Cur.
1532 1554 1633 1589 Phil.

112 1603 156 1638 ad
181 1602 302 1638 After.
324 1613 383 1645 25,
408 1603 462 1636 26.
514 1599 634 1648 Niger
652 1598 749 1634 infra
770 1611 802 1640 2,
820 1607 855 1639 8,
876 1601 909 1634 6.
931 1597 1001 1640 ait.
1030 1599 1121 1636 deos
1145 1603 1286 1648 populo
1309 1602 1416 1640 Rom.
1436 1601 1498 1645 τιὶν
1518 1607 1637 1641 δεσπο-

112 1657 207 1689 τείαν
227 1650 384 1689 ἁπάντων
403 1649 578 1688 tribuisse.
629 1647 772 1686 Plinius
793 1649 834 1685 in
855 1660 913 1696 ep.
934 1649 1111 1686 omnibus
1132 1651 1335 1688 Traianum
1361 1654 1534 1688 dominum
1565 1665 1637 1689 vo-

111 1711 182 1738 cat.
211 1697 328 1736 Lb'im.

214 1751 272 1786 De
300 1750 372 1784 hoc
392 1746 518 1790 subst.,
562 1759 647 1783 curn
674 1746 833 1784 honoris
861 1747 965 1784 causa
996 1747 1213 1791 adhibetur,
1247 1749 1346 1788 nihil
1369 1752 1447 1799 Stp.
1469 1751 1567 1794 Th.‚
1592 1763 1637 1789 ut

113 1809 239 1835 tamen
264 1796 372 1833 notio
394 1797 456 1833 ista
475 1795 561 1833 insit
581 1797 619 1833 in
643 1796 742 1833 istius
773 1797 850 1840 illa,
881 1810 964 1834 cum
995 1801 1048 1837 „3-
1070 1801 1148 1839 dr.,
1183 1799 1288 1836 cuius
1310 1800 1482 1838 dominio
1509 1802 1636 1837 homi-

113 1859 182 1884 nes
199 1846 336 1893 aliqui,
371 1845 396 1884 s.
417 1847 601 1893 populu-s,
629 1847 654 1881 s·
680 1845 783 1894 regio
802 1851 962 1893 parcnt“
990 1858 1065 1894 quo
1095 1857 1134 1882 et
1163 1847 1378 1886 rese1untur
1407 1851 1488 1886 loca
1508 1845 1633 1886 N.'T.

113 1908 150 1934 v.
171 1908 202 1932 c.
221 1896 310 1931 Luc.
333 1907 367 1934 2,
394 1906 450 1938 29·
475 1908 512 1932 et
532 1897 612 1931 Aet.
635 1907 669 1937 4,
695 1907 753 1939 24.
770 1918 781 1934 ,
806 1895 868 1931 ubi
892 1894 993 1932 idem
1019 1896 1236 1939 vocativus,
1276 1898 1338 1934 sed
1368 1898 1442 1934 fine
1469 1895 1496 1936 ὦ
1516 1900 1637 1935 excla-

114 1945 265 1986 mandi,
290 1953 329 1979 et
350 1943 396 1980 de
418 1945 489 1980 deo
517 1956 593 1979 non
614 1943 663 1978 est
683 1955 825 1979 merum
844 1944 999 1980 honoris
1034 1957 1198 1988 nomen,
1235 1947 1297 1983 sed
1325 1946 1429 1984 simul
1460 1947 1637 1984 declarati

113 1995 156 2033 in
176 1992 350 2030 homines
372 1991 520 2040 imperii
545 1991 698 2033 summi,
727 2004 804 2040 quo
823 1992 920 2030 redit
945 2007 984 2030 et
1003 1994 1097 2030 ratio
1119 1995 1159 2030 L.
1184 1995 1325 2036 Schw..
1362 1997 1424 2034 ubi
1446 2011 1466 2033 c
1488 1997 1634 2043 loseph.

114 2048 234 2087 ,ἀλλὰ
254 2042 319 2084 εὖ,
355 2044 383 2078 δ.
410 2054 465 2083 λ,
496 2040 565 2090 sed
580 2053 644 2084 tu,
676 2042 784 2077 deus“
823 2043 920 2077 bene
942 2043 1117 2084 fortassis,
1151 2042 1175 2079 si
1197 2056 1387 2093 compares
1417 2058 1502 2083 cum
1532 2046 1635 2083 affini

114 2090 229 2140 κύριε,
257 2093 303 2129 cf.
322 2091 364 2127 L.
384 2091 473 2128 Krb.
494 2105 527 2140 p.
543 2095 624 2138 361.
645 2104 717 2131 m„
745 2101 787 2127 ut
806 2093 851 2127 de
873 2091 986 2128 titulo
1005 2093 1138 2128 domini
1161 2093 1198 2130 in
1220 2096 1344 2132 numis
1366 2097 1636 2143 imperatorum

114 2141 254 2190 Spanh.
274 2141 329 2177 ·de
347 2141 405 2177 Pr.
437 2152 475 2176 et
495 2152 532 2177 u.
562 2153 597 2176 n.
622 2153 655 2180 2,
673 2149 758 2185 482.
793 2140 832 2175 it.
855 2142 901 2176 G.
919 2143 995 2180 Th.
1018 2155 1104 2178 cum
1127 2143 1191 2179 Gr.
1212 2156 1250 2180 n.
1279 2145 1318 2181 in
1336 2147 1423 2194 Eg,
1460 2143 1525 2194 qui
1557 2159 1577 2182 e
1597 2148 1635 2184 l?-

105 2190 302 2240 ‚opprimit
320 2189 491 2225 voculam
512 2189 610 2226 illan]
631 2190 921 2226 exclamationis.

168 2240 347 2286 ὀρυττομ.)
374 2237 465 2285 quid
483 2237 548 2281 fit,
574 2239 658 2276 satis
677 2240 774 2276 clare
796 2239 1009 2288 intelligere
1029 2240 1072 2276 ab
1092 2240 1171 2288 ipso
1195 2242 1351 2279 Herodi.
1372 2242 1486 2286 licet,
1514 2244 1580 2292 qui
1601 2248 1636 2287 6.

115 2291 251 2374 ἲζιό.
275 2293 326 2334 e.)
352 2287 472 2324 Rheni
492 2292 547 2335 (et
565 2288 657 2335 Istri)
677 2299 807 2336 aquam
831 2290 1063 2338 congelatam
1085 2289 1202 2328 effodi
1220 2291 1346 2330 scribit
1365 2291 1552 2331 securibus
1563 2306 1634 2332 etc.

169 2350 235 2373 tsn.

209 2387 338 2423 Tenet
354 2385 445 2423 hinc
463 2398 536 2425 utr.
558 2385 726 2435 particip.
748 2389 828 2435 Stp.
852 2386 925 2423 Th.
950 2401 984 2428 2,
1010 2400 1110 2436 ¹479-
1132 2391 1169 2426 F.
1189 2403 1236 2427 m.
1256 2403 1295 2428 et
1314 2403 1342 2436 3,
1366 2394 1449 2430 261.
1470 2394 1515 2428 Α.
1539 2406 1585 2430 m.
1614 2406 1636 2430 e

112 2434 182 2477 P.‚
210 2448 248 2474 at
267 2435 352 2472 Sch.
374 2436 413 2472 in
437 2436 485 2483 ἇς.
509 2438 622 2473 etiam
641 2439 702 2485 Bg.
725 2439 770 2475 ad
788 2453 886 2483 πηγν.
901 2461 911 2477 ,
950 2440 1053 2485 quod
1077 2451 1114 2476 ct
1135 2453 1190 2487 ap.
1212 2441 1258 2476 G.
1284 2442 1381 2483 Th.‚
1416 2453 1459 2478 ut
1476 2444 1634 2480 alterum

115 2485 162 2522 ad
180 2484 232 2531 ἐς.
254 2497 339 2521 cum
354 2485 433 2522 Grr.
456 2486 526 2529 al.,
562 2499 583 2521 e
605 2487 739 2534 quibus
758 2487 862 2524 fimus
884 2485 1084 2524 definiatur
1105 2489 1194 2525 anni
1217 2500 1382 2538 tcmpuS,
1417 2503 1494 2539 quo
1515 2494 1634 2528 Com-

112 2535 250 2577 modus
271 2547 356 2571 cum
375 2535 539 2573 exercitu
558 2535 598 2572 in
618 2535 676 2572 his
695 2537 802 2573 terris
828 2536 987 2573 versatus
1016 2537 1080 2578 lit,
1114 2550 1157 2574 ut
1177 2538 1224 2575 de
1244 2540 1368 2576 hieme
1390 2541 1635 2589 intelligatur.

163 2580 278 2630 ἄλλοι)
302 2584 568 2633 lntclliguntur
581 2596 732 2628 omnes,
761 2587 824 2633 qui
844 2598 921 2622 non
940 2585 979 2621 in
1005 2587 1193 2624 l’annonia
1214 2601 1320 2626 erant
1335 2588 1442 2626 simul
1463 2590 1502 2626 in
1517 2590 1633 2633 bello.

114 2630 181 2670 scd
201 2631 407 2670 manserant
430 2633 532 2670 domi
554 2630 594 2670 in
620 2635 722 2671 ltalia
741 2647 780 2672 et
799 2637 961 2676 Romae;
991 2635 1054 2671 ubi
1073 2636 1191 2674 libere
1209 2637 1361 2686 quidem
1383 2641 1467 2687 ssg..
1492 2652 1556 2686 per
1575 2653 1634 2677 or-

116 2679 245 2717 dinem
264 2681 397 2724 alium,
428 2682 491 2719 sed
511 2683 664 2727 rectius,
698 2696 807 2733 quain
833 2687 892 2727 12..
919 2685 983 2732 qui
1007 2688 1043 2722 δὲ
1064 2686 1250 2733 oppressit,
1278 2687 1441 2725 desertus
1461 2689 1633 2726 aSch.in

108 2735 183 2774 ‘mla
203 2729 348 2768 fluento
360 2730 534 2781 frigido.
567 2750 594 2770 ν.
612 2737 650 2778 ψ.
679 2733 790 2771 latice
809 2736 990 2782 fi igiclo·‘
1027 2746 1174 2772 tacente
1207 2736 1298 2772 hinc
1326 2737 1406 2783 Stp.
1429 2737 1501 2775 Th.
1519 2763 1530 2779 ,
1569 2740 1633 2776 ubi

114 2778 249 2817 Noster
269 2779 418 2819 videtur
436 2782 542 2831 loqui
566 2782 614 2820 de
634 2783 764 2823 calidis
787 2783 960 2822 fontibus
981 2783 1024 2822 ad
1043 2782 1147 2823 usum
1166 2785 1406 2829 balneorum,
1443 2798 1482 2824 et
1500 2787 1546 2824 de
1568 2787 1631 2823 fri-
