1798 3163
1545 29 1561 51 Ι

572 147 744 192 LIBER
763 146 800 192 1.
833 147 964 193 CAP.
987 147 1046 195 Π.
1496 161 1524 203 4
1539 147 1568 204 ς’

54 257 797 331 ᾔθεῌ,ἢλεχθέντσιπξόςᾳύτοῦ,
833 265 954 322 sunt,
989 282 1119 335 ‘quae
1149 266 1203 313 ad
1232 283 1316 314 nos
1347 269 1569 333 Peruene·

142 384 180 421 u)
205 379 346 414 Comma
365 379 430 413 hoc
446 379 482 411 in
502 379 578 415 edd.
597 380 777 417 omnibus,
804 387 840 411 et
860 380 962 411 tacite
980 389 1117 423 quoque
1135 379 1169 411 in
1188 382 1296 417 Mss.‚
1326 390 1358 412 v.
1372 381 1418 415 N.

52 473 184 505 catam,
208 461 374 510 capimus
391 473 459 509 pro
479 472 737 510 argumentum
754 459 879 505 effect
897 472 1064 508 arguere,
1084 471 1124 496 et
1142 472 1227 496 cum
1245 461 1334 497 Sch.
1360 474 1431 502 „ea
1449 463 1566 498 decla·

52 518 166 549 rant“
196 511 381 548 innuente
409 509 570 558 aliquam
599 509 702 546 casus
730 508 897 557 ellipfin,
937 522 1030 557 quae
1057 509 1095 545 h.
1126 510 1151 546 1.
1185 522 1312 547 tamen
1343 511 1393 547 est
1414 511 1565 558 duplex,

53 559 184 598 omiffo
206 561 262 598 bis
281 572 391 609 pron.
409 559 609 596 demonstr.
629 571 750 595 neutr.
764 584 774 599 ‚
806 558 984 595 atdiuerfi
1002 559 1173 599 numeri,
1201 572 1235 596 v.
1250 571 1280 594 c.
1302 563 1406 597 τσῦ-το
1423 566 1459 598 δὲ
1472 565 1571 602 δηλοῖ

50 610 187 651 ταῦτα,
215 621 376 658 quorum
397 610 556 656 primum
577 608 795 655 suppleuere
817 610 952 651 Vero„
977 609 1041 645 sed
1059 622 1125 654 pro
1145 608 1310 645 secundo
1321 610 1358 645 Ρ.
1378 609 1565 647 substituit

47 659 252 709 permulta,
276 663 485 703 πάμπολλαι,
520 660 621 706 quod
654 657 813 694 nimium
839 657 889 693 est
915 670 1117 705 contraque
1141 658 1262 706 legem
1293 659 1567 695 Grammatico-

52 721 158 748 rum,
187 720 274 746 ante
294 720 401 754 pron.
421 709 508 750 rel„
534 709 643 756 quale
659 708 720 742 hic
742 706 791 742 est
809 704 874 745 ὅσα
893 707 948 749 (vt
967 709 1031 755 Bg.
1055 720 1076 743 e
1098 708 1156 750 P.)
1182 707 1394 760 iubentium
1422 708 1564 755 expleri

50 767 200 795 tantum
218 769 326 804 pron.
347 757 466 799 dcm.,
492 756 543 794 cf.
566 759 672 793 Dem.
694 756 769 793 fine
786 755 865 792 lud.
886 759 995 800 δηλοῖς
1016 761 1052 794 δὲ
1069 765 1124 794 καὶ
1145 760 1181 802 ἐξ
1201 763 1242 794 ὢν
1261 760 1328 804 gift,-
1345 770 1379 795 λ.
1404 758 1451 794 de
1466 758 1560 805 pers.

51 807 238 856 quidem..
256 806 317 844 sed
330 808 376 843 de
394 820 455 848 re,
481 819 523 843 vt
544 806 626 847 hic,
648 814 782 852 84,·27.
817 815 902 851 293,
922 818 980 841 21.
1010 819 1094 848 402,
1120 819 1173 852 19.
1187 831 1198 847 ,
1221 807 1320 845 nihil
1341 807 1414 845 tale
1431 819 1567 844 tenen-

50 868 92 895 te
108 857 188 903 Stp.
204 855 280 892 Th.
295 880 306 897 ,
330 869 400 892 nec
418 855 457 892 in
478 856 532 903 sq.
551 856 777 896 formulam,
811 855 875 892 vbi
895 854 975 891 Sch.
994 867 1077 892 cum
1099 856 1161 902 ng.
1185 856 1223 891 in
1243 869 1278 892 v.
1302 860 1402 903 ἐςχ,
1436 855 1499 892 sed
1524 857 1566 894 in

48 907 128 951 ,,”εἲς
149 923 198 942 -··.
211 905 257 942 ad
276 906 474 953 aliquorum
495 905 644 952 (nostra)
666 916 831 951 tempora
854 905 1006 940 venire“
1032 915 1103 940 nec
1122 907 1169 940 G.
1192 905 1263 939 Th.
1276 931 1290 947 ,
1316 904 1382 942 nit}
1400 914 1484 950 842,
1503 916 1563 953 93.

51 955 244 1004 „peruenit
263 956 307 990 ad
325 967 378 990 me
395 954 486 991 haec
505 966 582 995 res,
606 954 629 990 i.
649 954 779 991 resciui
792 979 803 993 ,
829 952 965 989 dietum
985 953 1036 989 est
1054 952 1175 989 mihi“
1201 953 1247 988 cf.
1266 957 1387 991 Corn.
1405 957 1455 992 N.
1468 958 1566 1000 1nd.,

50 1004 170 1046 sedh.
184 1004 208 1039 Ι.
228 1004 483 1040 innotuerunt
501 1003 632 1044 nobis,
657 1003 796 1038 seruata
815 1002 901 1039 sunt
921 1003 1034 1039 nobis
1050 1027 1060 1044 ‚
1096 1001 1231 1038 scimus
1253 1003 1282 1039 s.
1301 1004 1463 1053 legimus
1490 1017 1564 1046 nos

50 1066 168 1092 nume.
219 1054 292 1090 Sed
312 1051 351 1089 in
370 1057 406 1090 δὲ
422 1054 537 1089 Vern.
557 1062 629 1088 vet.
650 1063 716 1098 per
734 1057 774 1088 τὲ
793 1063 873 1086 non
896 1051 990 1087 maie
1008 1051 1174 1098 quidem,
1197 1063 1270 1088 nec
1287 1062 1414 1090 tamen
1436 1055 1566 1091 neces-

50 1103 145 1141 saxio
158 1120 171 1143 ς
192 1108 276 1139 cum
298 1113 334 1137 et
357 1106 392 1139 δὲ
410 1101 516 1149 saepe
533 1099 746 1147 simpliciter
757 1100 966 1137 orationem
981 1101 1202 1143 continuet,
1235 1103 1451 1150 vtnostrum
1463 1105 1564 1145 aber.

49 1163 91 1190 et
109 1152 192 1188 Lat.
211 1160 328 1187 autem
347 1151 373 1186 s.
390 1148 473 1198 fed,
498 1150 555 1187 cf..
569 1151 616 1187 G.
628 1150 704 1187 Th.
723 1163 759 1186 v.
784 1160 854 1187 vtr.
879 1150 1089 1188 HonTurs
1115 1163 1150 1196 p.
1177 1154 1254 1190 156.
1277 1164 1311 1189 e.
1339 1154 1566 1195 Ind..Corn.

0 1228 1 1237 ,
46 1202 125 1242 N..
148 1201 255 1236 Cort.
275 1198 320 1234 ad
338 1201 423 1236 San.
445 1201 526 1236 Cat.
544 1209 606 1246 43,
628 1213 663 1235 2.
693 1209 733 1236 et
749 1200 826 1248 lug.
842 1211 902 1244 42,
923 1211 955 1246 3.
979 1211 1064 1236 cum
1088 1200 1235 1236 disertis
1254 1200 1316 1238 his
1345 1201 1438 1246 „sed
1456 1202 1565 1251 saepe

45 1247 333 1291 continuatius,
368 1260 410 1286 vt
438 1249 504 1287 Gr.
525 1252 586 1287 δὲ’(
620 1250 723 1296 quod
751 1249 893 1295 alioqui
920 1259 961 1286 et
985 1250 1023 1286 h.
1039 1249 1065 1285 1.
1094 1262 1160 1297 pro
1179 1251 1410 1296 ‘yagvaleau
1447 1252 1487 1288 in
1506 1261 1564 1291 καὶ

44 1299 132 1337 sch.
155 1297 335 1335 reddente
352 1299 484 1340 etiam,
516 1299 619 1347 quod
639 1311 765 1335 verum
784 1298 837 1337 est,
855 1298 1047 1344 yniuerse,
1082 1299 1143 1335 sed
1163 1309 1202 1333 vt
1220 1300 1492 1348 transpofitum
1510 1303 1568 1338 vi-'

46 1347 128 1387 deri
147 1359 280 1395 queat,
307 1345 348 1384 in
367 1348 481 1385 altero
502 1348 671 1385 membro
683 1347 792 1388 stans,
812 1360 1021 1396 quanquam
1035 1349 1186 1396 proprie
1210 1350 1398 1396 pertineat
1407 1353 1450 1388 ad
1465 1351 1565 1399 prius

44 1397 257 1435 membrum
275 1408 314 1433 et
331 1409 389 1438 v.,
415 1409 484 1446 pro
507 1401 579 1441 δηλ.
603 1402 638 1436 δὲ
661 1406 741 1439 καὶ,
768 1408 810 1434 vt
828 1399 1012 1444 ap.-Dem.
1037 1410 1138 1438 ante,
1165 1397 1214 1433 cf.
1240 1410 1272 1441 ι,
1291 1403 1563 1446 9,1.etBauer.

43 1446 183 1485 Philon.
200 1447 302 1483 Paul.
322 1459 356 1494 p.
368 1453 542 1490 285.vm.,
568 1449 630 1484 vel
646 1447 711 1484 suo
730 1445 898 1484 seruetur
920 1448 1029 1490 loen,
1065 1448 1166 1495 quod
1190 1448 1281 1484 mihi
1305 1449 1433 1496 potius
1454 1450 1504 1486 est
1525 1463 1563 1486 ct

44 1495 122 1534 stne
141 1494 381 1537 difficultate,
406 1495 431 1532 fi
451 1497 588 1534 referas
607 1509 687 1533 non
710 1497 757 1532 ad
781 1509 832 1544 pr.
852 1509 963 1542 pron.
982 1493 1058 1539 Se..
1083 1497 1145 1533 sed
1161 1497 1207 1534 ad
1225 1497 1278 1546 sq.
1301 1505 1348 1541 εἰς
1369 1498 1451 1544 ἧμ.,
1479 1512 1565 1546 pro·

46 1546 203 1595 prieqne
225 1557 292 1592 per
311 1547 496 1594 quandam
515 1545 552 1583 in
576 1545 740 1582 dicendo
762 1546 1000 1587 breuitatem,
1030 1559 1096 1593 pro
1118 1546 1256 1593 plenis,
1286 1560 1395 1596 quae,
1418 1561 1564 1596 praeter

45 1595 233 1643 reliquos,
260 1593 373 1631 etiam
391 1596 436 1630 ad
452 1608 523 1632 nos
541 1608 713 1636 venere,
737 1594 760 1631 s.
781 1607 874 1643 quae
906 1608 985 1632 non
1012 1597 1132 1632 ibium
1163 1597 1203 1633 in
1225 1609 1359 1634 manus
1391 1609 1429 1634 et
1458 1611 1563 1635 aures

43 1655 126 1682 tum
155 1642 364 1681 viuentium
394 1643 593 1683 hominum
621 1656 824 1687 venerunt,
856 1644 920 1680 sed
939 1644 1051 1682 etiam
1077 1645 1121 1682 ad
1144 1658 1234 1685 nos;
1264 1647 1349 1683 aiiis
1376 1646 1483 1695 super
1506 1655 1562 1684 καὶ

44 1692 127 1742 post
146 1705 253 1740 pron.
281 1693 557 1736 diffidentibus.
580 1695 667 1731 dum
689 1698 843 1732 vertunt
861 1695 1059 1731 nobiscum
1074 1721 1084 1737 ,
1108 1695 1291 1731 efiKoen.
1311 1696 1357 1731 ad
1368 1698 1433 1734 Gr.
1458 1709 1563 1745 p.45.

43 1743 97 1782 N.
117 1754 175 1786 57.
200 1743 283 1790 Stp.
301 1745 346 1779 ad
358 1743 478 1780 Thuc.
502 1753 631 1791 p.437.
651 1744 699 1780 N.
718 1756 774 1787 51.
793 1744 828 1780 b.
856 1745 937 1790 <qui
960 1755 1086 1781 tamen
1105 1744 1321 1782 inconstans
1340 1747 1388 1784 ib.
1415 1759 1452 1794 p.
1479 1751 1559 1782 160.

44 1793 100 1833 N,
118 1803 176 1836 4¹·
198 1794 249 1832 a.)
270 1792 358 1829 Abr.
383 1792 459 1828 Dii.
483 1802 607 1840 p.359.
628 1806 698 1835 m.,
721 1792 786 1841 qui
807 1803 933 1830 tamen
952 1793 1047 1833 dicit
1065 1793 1278 1832 redundare
1301 1809 1336 1842 p.
1356 1809 1408 1844 pr.
1419 1809 1451 1830 e.
1467 1820 1477 1835 ‚
1506 1796 1564 1832 ni·

46 1839 103 1878 hil
121 1837 304 1876 definiens
324 1853 358 1887 p.
380 1851 463 1888 423.
485 1855 556 1882 m..
593 1842 655 1878 sed
678 1855 713 1890 p.
729 1851 783 1883 ιε.
805 1855 853 1879 m.
875 1843 952 1891 sqq.
970 1843 1089 1880 rursus
1109 1843 1256 1885 reddit,
1294 1856 1335 1881 vt
1353 1859 1372 1881 a
1397 1847 1494 1882 Dev.
1525 1858 1559 1891 p.

50 1897 134 1930 180.
159 1901 206 1923 m.
230 1887 267 1924 in
289 1901 334 1924 eo
357 1891 590 1935 pleonasmus
611 1891 797 1932 statuitur,
824 1891 883 1927 sed
902 1892 942 1928 in
953 1893 1003 1930 N.
1028 1892 1238 1940 disputatur
1256 1893 1297 1930 in
1317 1906 1386 1930 vtr.
1402 1907 1560 1941 partem,

46 1949 88 1980 et
105 1938 148 1974 ad
167 1937 254 1973 Luc.
277 1951 311 1979 2,
334 1947 418 1981 875.
452 1940 496 1974 N.
519 1944 577 1975 60.
600 1939 698 1975 nihil
722 1938 922 1982 definitur,
955 1941 1017 1978 sed
1041 1953 1074 1988 3,
1096 1945 1175 1987 246.
1216 1944 1264 1980 N.
1285 1955 1320 1986 7.
1354 1943 1558 1980 redundare

42 1986 238 2026 censetur.
263 1987 311 2024 cf.
332 1987 422 2023 Bud.
446 1989 488 2024 C.
511 2000 595 2031 550,
618 2001 671 2030 19.
705 1999 810 2034 1290,
834 1993 890 2025 16.
921 1989 1005 2037 vig.
1028 2003 1062 2037 p.
1085 1995 1163 2033 506.
1185 1991 1231 2032 i..
1266 1993 1333 2029 Nr.
1355 1997 1388 2029 6.
1419 1995 1482 2040 ssg.
1513 1992 1559 2028 ad

43 2037 128 2075 Alc.
150 2047 186 2082 p.
204 2042 261 2081 83.
285 2049 318 2071 e.
348 2038 475 2074 Bauer.
501 2037 595 2073 Phil.
620 2038 657 2073 Ρ.
680 2044 808 2085 p-208-
829 2050 875 2073 m.
905 2049 942 2074 et
962 2038 1042 2075 lnd.
1060 2039 1167 2075 Polb.
1190 2041 1298 2082 Em„
1326 2054 1394 2088 pro
1414 2044 1448 2078 vi
1471 2054 1561 2088 qua·

45 2085 131 2123 dam
151 2086 229 2120 eius
251 2096 442 2133 pugnante
461 2086 571 2123 etiam
593 2088 719 2132 Hoog.
733 2088 810 2133 Op.
833 2100 867 2134 p.
886 2099 965 2133 544-
985 2101 1031 2123 m.
1058 2089 1123 2125 Νι.
1137 2098 1169 2129 8.
1190 2089 1242 2137 sq.
1273 2100 1354 2135 548.
1368 2104 1414 2126 m.
1442 2093 1508 2128 Nr.
1523 2107 1558 2136 4.

41 2135 125 2182 sqq.
152 2132 193 2169 it.
214 2133 254 2170 Z.
276 2136 320 2170 ad
346 2134 426 2182 Vig.
453 2147 582 2183 p.509.
602 2135 648 2177 i.,
676 2136 774 2172 vnde
797 2138 945 2178 credas,
981 2137 1136 2174 Latinos
1157 2140 1273 2186 lnttp.
1301 2140 1365 2176 hic
1391 2141 1498 2178 fuisse
1516 2143 1558 2178 in

42 2183 111 2225 iis.
130 2181 208 2230 ,qui
230 2191 286 2220 καὶ
308 2183 348 2219 in
367 2197 407 2220 ea
427 2185 529 2221 causa
551 2184 713 2222 otiosum
734 2197 921 2233 putarent.

95 2227 116 2275 ὂ
135 2233 257 2276 affl.)
283 2233 425 2279 Scripta
443 2234 487 2269 ab
510 2234 651 2270 Anton.
673 2234 758 2270 sunt
776 2243 839 2272 τῶν
859 2240 904 2275 εἷς
923 2234 1045 2273 ἑαυτδν
1066 2241 1184 2281 βιβλία
1207 2232 1263 2283 ιβ’,
1290 2239 1494 2286 quaeSuid.
1518 2239 1558 2276 in

43 2290 157 2327 Maen-
176 2291 228 2326 (22
247 2293 327 2325 501.
348 2285 413 2327 m.)
434 2285 496 2320 τοῦ
513 2288 596 2321 ἰδίου
613 2289 688 2329 βίου
708 2283 878 2329 διαγωγὴ
897 2296 1030 2321 vocare
1043 2289 1202 2328 vzdetur,
1228 2286 1295 2331 (ef.
1315 2288 1422 2325 ib.N.
1437 2289 1556 2334 Kust.)

42 2329 204 2376 Niceph.
223 2340 259 2376 3,
283 2341 338 2378 31.
358 2332 395 2367 h.
417 2332 506 2368 eccl.
527 2345 711 2370 memorat
728 2334 837 2369 eriam
861 2339 991 2378 βιβλίον
1009 2339 1188 2377 παιδείας.
1215 2336 1377 2373 dicatum
1399 2337 1476 2374 filio
1500 2340 1555 2374 M.

42 2379 278 2421 Commodo,
306 2386 416 2423 πάσης
432 2391 589 2427 κοσμικῆς
611 2389 781 2429 ἐμπειρίας
802 2391 856 2420 καὶ
875 2387 1028 2424 παιδείας
1045 2383 1155 2428 nes-6²·
1210 2386 1288 2430 lpse
1301 2391 1442 2424 Anron.
1468 2400 1500 2430 1,
1519 2393 1554 2424 6.

39 2428 264 2476 dialogorum
290 2429 485 2472 meminit,
519 2443 615 2479 quos
647 2444 759 2479 puer,
798 2433 938 2469 luasore
965 2433 1178 2482 Diogneto,
1215 2434 1411 2483 scripserit.
1461 2437 1556 2473 Inde

40 2476 230 2527 dialogissa
253 2478 304 2515 dr.
323 2491 379 2526 ap.
400 2479 508 2517 Vulc.
529 2481 663 2517 Gallie.
683 2482 722 2518 in
744 2482 854 2518 Auid.
874 2482 964 2518 Cass‘.
983 2495 1013 2518 c.
1027 2491 1061 2530 3.
1119 2484 1239 2521 Libris
1257 2497 1300 2521 ex
1323 2487 1404 2527 his,
1443 2498 1556 2535 quem

42 2526 206 2575 primum
226 2526 525 2570 nominauimus,
555 2529 655 2567 sotus
675 2530 845 2578 superest.
876 2531 992 2568 Leisn.

48 2617 51 2619 ,
145 2578 206 2613 Cf.
223 2576 262 2612 in
283 2576 379 2613 hanc
397 2591 472 2614 rem
490 2579 575 2616 Gat.
595 2579 639 2615 ad
659 2581 749 2619 Ant.
770 2580 792 2616 Ι.
811 2581 836 2616 i.
858 2593 892 2627 p.
907 2592 937 2625 ς.
952 2593 984 2617 a.
1006 2582 1054 2618 D.
1074 2594 1122 2618 m.
1140 2583 1244 2619 Fabr.
1258 2583 1351 2620 nihl.
1375 2585 1442 2620 Gr.
1456 2584 1504 2620 V.
1519 2598 1554 2629 4.

43 2636 85 2674 p.
109 2637 168 2662 22.
187 2638 220 2662 e.
241 2638 277 2673 p.
302 2626 350 2674 sq.
372 2627 421 2664 N.
441 2629 479 2672 e)
497 2639 537 2664 et
561 2642 596 2676 p.
610 2639 667 2675 3²·
695 2630 734 2666 it.
760 2630 923 2666 nostrum
938 2630 1022 2667 Exc.
1040 2631 1084 2667 ad
1105 2632 1137 2680 §,
1155 2644 1184 2668 1.
1233 2634 1332 2669 Tum
1352 2636 1437 2679 πρός
1457 2633 1555 2669 intra

41 2675 120 2717 duo
142 2687 174 2711 v.
196 2687 235 2712 ν.
253 2687 286 2713 λ.
305 2686 343 2711 et
363 2689 419 2723 γρ.
433 2701 444 2719 ,
478 2689 560 2713 cum
584 2679 627 2713 ad
647 2689 716 2715 vtr.
736 2679 943 2726 pertineat,
977 2681 1040 2716 vbi
1061 2680 1101 2716 in
1133 2681 1291 2718 notione
1311 2685 1374 2730 Bg.
1394 2696 1414 2717 e
1433 2684 1472 2718 P.
1493 2695 1557 2720 aut

39 2724 106 2762 sb.
125 2724 231 2764 lud..
255 2724 408 2762 cfi‘cum
431 2739 465 2762 v.
485 2725 590 2773 pais..
622 2739 662 2764 vt
683 2727 763 2770 hic,
791 2729 847 2763 vel
867 2741 949 2765 cum
968 2729 1056 2771 aa,
1088 2730 1130 2766 it.
1149 2743 1233 2768 cum
1255 2743 1341 2780 gen.
1367 2731 1478 2779 pers„
1514 2744 1557 2770 vt

42 2770 81 2810 h.
100 2771 154 2818 1„
179 2784 243 2812 aut
261 2786 346 2813 cum
364 2785 450 2824 gen.
469 2775 547 2821 rei,
570 2788 609 2826 p.
633 2775 698 2817 ὑπὸ
718 2777 745 2817 s.
763 2776 857 2823 ἂπδ,
883 2779 963 2828 Stp.
984 2779 1059 2818 Th.
1081 2789 1115 2829 3,
1135 2785 1218 2827 568.
1236 2780 1320 2821 (M.
1350 2780 1419 2827 „in
1438 2780 1555 2821 soluta
