1772 3158
101 85 326 143 LIBERI.
357 91 626 139 cmxiv.
662 93 718 138 A.
742 91 801 137 v,
828 90 1021 147 c.9·44.
1063 91 1423 148 CHR.N.191.
1467 93 1570 148 617

66 210 148 258 τῶν
190 205 516 262 ἐπαλλήλωνω
564 206 806 274 συμφοξῶν
843 214 1151 258 continuarum
1196 212 1488 259 calamitatum
1528 214 1577 260 in

67 289 126 339 εἰς
147 282 415 338 Τοῦςέκεῖνου
434 279 807 351 οἷκξῖτουςφόνους
839 287 956 333 illius
999 287 1176 339 caede5‚
1245 286 1409 335 indicia
1458 289 1581 335 causa.

67 359 143 408 καὶ·
172 359 233 409 τοὶ
264 355 410 408 λοιποὶ
427 359 504 407 τοῦ
529 356 627 419 βίου
650 355 803 421 οἱνέφε-
839 375 1056 428 patratas,
1096 373 1140 410 et
1159 363 1327 427 reliqua
1356 367 1469 410 vitae
1500 367 1579 411 cri-

121 539 142 571 Ρ
159 493 211 539 m)
234 495 298 528 Ms.
320 493 429 570 1¹32b.et
446 491 502 526 Vi.
519 493 576 524 νῦν
595 493 840 528 dane-numu
857 498 954 532 συμφ.
964 512 978 532 ,
1001 501 1037 525 v.
1056 489 1125 529 N„
1147 491 1202 526 sed
1222 491 1269 526 ἔπ’
1287 492 1402 528 ἄλλῃ.
1423 491 1456 522 in
1472 490 1580 524 Α.Βε.

69 547 103 571 et
144 549 211 577 an,
244 549 281 570 ut
307 549 350 570 ai
379 549 402 570 1.
1055 547 1057 550 ’

67 663 112 687 ex
130 650 205 687 alio
218 675 230 692 ,
256 650 319 695 (ad
343 649 447 698 quod
461 675 473 693 ,
496 649 522 686 Ε
542 650 650 688 affine
670 651 762 687 alius
783 649 891 698 super
910 653 1034 693 alium,
1060 650 1251 688 recentior
1264 660 1363 688 aetas
1382 648 1476 688 istud
1489 649 1581 686 Mss.

65 699 282 742 fabricavit,
309 699 371 736 sed
390 700 444 742 in)
464 717 497 739 σ.
521 701 772 737 calamitatum
785 701 1041 749 frequentium
1053 701 1176 738 causas
1198 699 1344 746 referre
1363 701 1431 737 in“
1460 700 1582 737 deser-

67 759 109 785 to
130 751 168 785 P.
190 750 302 786 etiam
321 750 361 785 in
381 762 538 786 numero
569 761 712 786 mutato
733 750 839 787 subst.
860 765 913 792 σ.;
949 761 1106 787 tenente
1125 753 1204 799 Stp.
1227 750 1298 786 Th.
1322 762 1355 791 1,
1379 755 1461 798 336.
1480 750 1504 787 i.
1522 753 1584 787 ἄλ.

66 797 123 841 καὶ
144 810 209 834 aut
234 800 513 846 „praecedente
533 803 570 835 ου’
590 795 687 844 μένον
708 799 732 835 s.
755 806 800 845 μὴ
819 799 916 846 μόνον
932 825 943 840 ,
977 799 1081 846 [οὔχ
1101 797 1174 842 ἔτι,
1210 802 1306 844 (aut)
1333 800 1373 836 in
1398 798 1584 854 principio

68 847 275 890 orationis,
309 861 377 896 pro
398 850 484 896 quin
503 850 639 884 ετὶαηκ(
666 861 737 885 nec
756 851 850 885 adeo
864 876 874 891 ,
897 849 984 891 ubi,
1010 862 1052 886 ut
1072 850 1132 885 hic
1145 873 1157 891 ‚
1186 848 1306 896 praeit
1323 852 1457 892 οὐκέτι,
1483 858 1522 884 et
1542 859 1586 884 m

67 896 189 932 media
209 896 404 940 oratione,
431 898 512 945 post
530 910 696 941 comma,
730 898 834 947 quod
864 900 902 936 in
924 899 1053 935 eadem
1082 899 1142 935 hic
1169 899 1290 935 adhuc
1319 898 1486 935 rectione
1509 909 1586 934 me-

67 944 160 988 lius,
193 958 304 993 quam
325 948 554 995 quarundam
577 949 660 985 edd.
679 949 750 984 alia
773 948 958 984 distinctio
977 947 1116 989 maior,
1145 959 1241 995 quae
1260 944 1419 994 r'equiric
1441 959 1585 983 novum

67 994 298 1031 extrinsecus
319 997 598 1033 nominativum
617 997 746 1039 αὐτ-ὂς,
774 997 955 1033 reddente
976 1001 1040 1044 Eg.
1060 997 1294 1038 divellendo,
1319 996 1490 1033 ferecum
1502 997 1587 1044 Stp.

68 1042 113 1080 ad
135 1057 184 1079 m.
205 1045 272 1086 9.,
308 1044 372 1092 qui
394 1044 578 1094 suumsed
591 1048 752 1093 ceperit,
787 1057 828 1082 ut
849 1047 955 1087 alibi,
998 1059 1065 1094 pro
1080 1047 1144 1094 fhd
1160 1047 1294 1086 etiam,
1321 1046 1370 1082 cf.
1395 1058 1424 1087 ι,
1449 1058 1503 1087 12,
1527 1057 1585 1091 14.

115 1098 288 1139 ἀκρίτους)
310 1096 508 1130 temeraria
540 1095 621 1131 eius
640 1095 830 1133 homicidia
859 1096 885 1132 s.
915 1096 1188 1142 inconsiderata.
1247 1093 1326 1131 Nifi
1360 1093 1511 1140 respicit
1538 1093 1586 1129 ad

69 1154 159 1185 eos,
192 1143 256 1190 qui
279 1141 463 1190 supplicio
485 1143 620 1181 indicia
644 1144 747 1181 causa
767 1142 1042 1185 afficiebantur3
1069 1143 1172 1191 quod
1193 1155 1233 1179 et
1250 1142 1523 1180 inconsiderate
1544 1155 1588 1180 ac

68 1190 266 1229 temerarie
284 1193 327 1228 ab
348 1205 392 1227 eo
408 1191 532 1230 fiebat.
558 1194 674 1240 Stepb.
724 1193 928 1230 Memmius
948 1192 1097 1242 iniustas
1107 1193 1230 1229 caedes
1248 1192 1374 1229 vertit.
1400 1194 1493 1239 Sylb.

164 1243 216 1277 Ut
235 1252 274 1277 et
293 1241 377 1276 Sch.
396 1241 438 1277 in
458 1251 494 1288 φ.
508 1267 519 1284 ,
552 1241 614 1279 sed
637 1242 677 1278 in
708 1247 814 1289 »ἔαρ
835 1243 997 1291 iniquas,
1026 1242 1168 1279 iudicio
1190 1255 1258 1278 non
1279 1243 1442 1278 decretas
1458 1266 1468 1283 ,
1507 1253 1588 1278 cae-

67 1291 158 1326 des“
185 1289 357 1327 deserens
378 1291 470 1327 adeo
492 1291 626 1339 etipse
645 1292 683 1327 P.
712 1291 898 1332 „iniustos
916 1293 1047 1328 ai‘luffl
1077 1291 1117 1328 in
1144 1303 1257 1340 quem
1275 1291 1426 1339 proprie
1448 1291 1587 1327 directa

68 1350 175 1376 erant
191 1339 253 1374 ina
274 1340 374 1386 Stp.,
409 1339 576 1377 tenentis
596 1341 635 1377 in
648 1341 724 1376 Th.
745 1339 862 1383 nihil,
886 1353 996 1389 quam
1017 1340 1129 1377 semel
1147 1341 1245 1388 plur.
1264 1350 1302 1386 φ.
1318 1354 1362 1377 ex
1374 1339 1445 1378 aiio
1460 1338 1590 1377 Nostri

0 1424 1 1428 ,
67 1390 177 1428 loco.
199 1399 238 1425 et
262 1401 295 1430 2,
313 1400 396 1433 429.
417 1402 451 1425 e.
479 1393 584 1436 υἷας.
603 1389 856 1430 iniudicatus,
882 1389 1154 1428 indemnatus‘<
1177 1402 1263 1426 cum
1283 1390 1508 1428 notionibus
1521 1389 1590 1426 rei.

68 1448 156 1474 ante
176 1437 215 1473 in
233 1438 306 1478 N.,
338 1451 359 1474 e
378 1438 466 1474 Bud.
490 1439 533 1474 C.
555 1452 616 1483 41,
638 1451 691 1483 9.,
728 1439 790 1476 sed
817 1452 897 1476 non
927 1452 1013 1476 cum
1032 1440 1158 1476 nostro
1187 1439 1317 1481 subst..
1350 1439 1453 1486 quod
1472 1437 1591 1475 habui

69 1488 185 1523 modo
205 1499 226 1522 e
243 1486 326 1523 Zos.
353 1499 384 1529 1,
411 1496 468 1533 13,
487 1499 520 1530 7.
543 1490 590 1525 de
607 1489 837 1529 Maximino,
880 1485 941 1532 ἤδη
967 1494 1002 1527 δὲ
1020 1489 1074 1532 καὶ
1093 1495 1137 1531 εἷς
1157 1486 1276 1535 φὸνους
1295 1494 1328 1526 ἂ.
1349 1486 1473 1535 ἐχώρει
1501 1503 1592 1534 χρη-

68 1542 184 1583 μάτων
201 1539 388 1584 ἐπιθυμίᾳ,
415 1539 578 1580 tandem,
604 1538 738 1576 indifia
758 1537 874 1585 causa,
901 1550 1056 1587 propter
1071 1539 1240 1587 pecuniae
1259 1539 1520 1586 cupiditatem.
1541 1537 1594 1573 ad

69 1586 201 1622 caedes
215 1586 536 1633 progrediebatur,
568 1587 616 1623 cf.
641 1587 721 1625 lnd.
743 1587 794 1624 Fi.
813 1587 948 1624 Aesch.
980 1586 1145 1634 »ἄκριτον
1171 1591 1319 1625 ficemur
1346 1581 1592 1634 κατεχειροτᾶ·

69 1648 191 1677 mcccv,
229 1635 366 1670 indiffa
384 1635 486 1681 causa
506 1636 638 1682 capitis
658 1639 907 1672 damnarunt«
936 1648 980 1673 ut
998 1650 1036 1673 et
1054 1647 1208 1674 vertunt
1228 1637 1275 1673 de
1295 1637 1412 1683 peril,
1447 1636 1488 1672 it.
1506 1636 1592 1673 adv.

69 1689 237 1728 ἂκςίτως,
263 1683 322 1719 cui
343 1684 495 1730 proprie
515 1683 718 1731 respondet
737 1686 899 1722 formula
911 1688 974 1733 Bg.
998 1698 1065 1733 per
1082 1686 1175 1727 abl„
1197 1697 1262 1732 pro
1285 1685 1455 1722 severiori
1469 1686 1592 1721 caedes

70 1731 146 1768 fine
170 1731 322 1774 iudicio,
362 1742 404 1767 ut
431 1733 578 1780 Lampr.
606 1733 645 1770 in
678 1736 824 1770 Comm.
845 1745 881 1781 p.
906 1745 987 1780 490.
1009 1735 1030 1770 i.
1058 1736 1106 1771 de
1133 1735 1366 1781 temporibus
1397 1733 1593 1776 Perennis,

71 1781 177 1817 multi
198 1779 386 1817 senatores
396 1780 477 1826 stne
494 1781 633 1819 iudicio
651 1783 855 1824 interemti3
881 1795 1096 1831 quanquam
1115 1782 1153 1819 id
1177 1783 1327 1830 proprie
1340 1783 1495 1820 estillud
1506 1783 1592 1820 zos.

70 1829 174 1875 (alibi
197 1828 481 1877 proferendum)
502 1833 584 1875 ὃίχκ
611 1839 749 1877 κρίσεως
780 1830 948 1878 φονεύειν,
983 1844 1024 1868 at
1051 1832 1263 1880 proximum
1294 1845 1417 1869 tamen
1451 1832 1593 1875 nostro,

73 1877 190 1916 hodie
202 1878 284 1925 stne
310 1877 470 1915 iudiciali
499 1879 744 1928 inqug‘sz‘tiotzm
775 1893 871 1930 quae
899 1880 1083 1919 formulae
1110 1894 1242 1918 ornnes
1271 1882 1471 1930 requirunt
1492 1881 1590 1925 sane,

73 1940 117 1964 ut
138 1927 182 1963 ad
201 1927 307 1964 iuhst.
327 1927 521 1965 affumatur
541 1930 778 1978 participium
791 1932 948 1979 cumBg.
962 1955 974 1974 ,
1000 1932 1104 1968 cuius
1127 1931 1323 1969 formulam
1336 1942 1441 1967 tenet
1455 1932 1502 1968 G.
1517 1930 1592 1968 Th.

73 1979 113 2014 in
135 1989 169 2012 v.
189 1979 261 2014 ind.
281 1989 363 2013 cum
385 1978 518 2024 explic.
532 2003 544 2019 ‚
579 1979 625 2015 cf.
644 1980 722 2017 Liv.
746 1991 780 2025 3,
805 1990 858 2026 13.
878 1992 928 2015 m.
956 1992 997 2016 ac
1018 1980 1064 2017 de
1086 1994 1123 2016 rc
1145 1980 1394 2027 caedibusque
1413 1983 1592 2017 Commo-

74 2027 112 2063 di
135 2028 276 2074 Lampr.
302 2026 465 2072 ρ.ι,9ς.ἱ.
490 2037 571 2074 513.
592 2041 641 2068 m.
669 2041 708 2066 et
733 2029 848 2075 Xiph.
865 2033 948 2077 376,
971 2038 1027 2076 38.
1088 2030 1160 2066 Sed
1189 2031 1282 2066 Mss.
1311 2035 1472 2075 ἀνέφερον
1495 2031 1593 2078 plur.

74 2088 160 2112 cum
177 2074 270 2123 fing.
291 2077 309 2112 ὁ
330 2075 424 2118 Ῥωμ.
445 2079 568 2121 δῆμος.
606 2090 669 2125 per
696 2078 883 2126 synthefin
915 2078 954 2115 in
977 2078 1134 2115 nomine
1151 2079 1350 2116 coilestivo
1370 2080 1593 2127 procedens,

74 2139 118 2163 ut
136 2126 323 2161 Martinus
346 2124 442 2162 ret-“te
461 2125 667 2170 iudicabat,
696 2127 774 2175 post
794 2130 890 2165 Mss.
916 2129 1089 2173 puustum
1103 2154 1113 2169 ‚
1139 2128 1341 2176 reperiatur
1361 2129 1474 2165 etiam
1498 2128 1537 2165 in
1553 2129 1591 2165 P.

75 2173 164 2224 „sed
182 2173 321 2211 referre
338 2186 451 2210 omnes
469 2176 567 2213 rel.‘¹⁸
592 2177 631 2212 in
655 2177 804 2224 primis,
841 2191 927 2214 cum
947 2190 985 2213 et
1002 2178 1116 2214 alium
1138 2178 1365 2226 praemiserit
1392 2190 1594 2215 numerum

75 2225 341 2266 „mulsitndo-
354 2224 562 2272 adspicere«
587 2237 630 2263 ut
647 2238 772 2264 tamen
793 2239 831 2263 et
849 2227 965 2263 libere
988 2227 1052 2263 iiie
1071 2228 1202 2276 egerit.
1227 2239 1351 2275 eoque
1370 2227 1462 2271 ipso,
1487 2227 1593 2275 quod

75 2272 148 2310 adi.
167 2284 281 2309 omnes
303 2273 438 2310 iterum
461 2274 584 2317 addit,
616 2288 655 2312 et
673 2290 776 2314 error
795 2276 835 2313 in
857 2293 872 2314 ε
892 2288 930 2312 et
947 2292 962 2312 ο
980 2275 1177 2318 inciderit,
1206 2287 1268 2312 aut
1287 2277 1341 2312 vis
1364 2274 1526 2317 librarii,
1552 2275 1594 2314 in

75 2327 168 2361 ἀλλὰ
185 2324 238 2364 m*
265 2322 471 2364 haerentis,
498 2324 598 2371 quod
619 2323 690 2369 fic,
716 2326 854 2373 punc'to
875 2325 942 2360 iiio
962 2324 1081 2365 fasto,
1109 2327 1147 2361 in
1169 2324 1295 2361 fronte
1313 2325 1595 2363 enunciationiz

76 2371 148 2409 esse
167 2371 342 2408 voluerit.
393 2374 434 2409 ln
456 2373 520 2409 rel.
542 2373 726 2412 desertum
747 2377 786 2411 P.
809 2388 829 2410 a
847 2374 930 2411 Sch.
958 2380 1022 2418 „ss-
1042 2375 1141 2411 vitae
1159 2376 1315 2411 deliaau
1341 2377 1404 2423 Bg.
1428 2375 1594 2424 sequitur

76 2421 120 2458 in
140 2420 246 2458 subst.
267 2432 339 2457 utr.
353 2447 364 2463 ‚
395 2422 500 2458 cuius
517 2423 596 2461 Lat.
619 2424 662 2461 ad
678 2425 738 2469 ἄμ.
761 2437 839 2461 non
862 2434 971 2461 tenet
992 2426 1071 2471 Stp.
1093 2423 1189 2465 Th..
1219 2436 1288 2460 nec
1308 2437 1391 2461 cum
1403 2432 1595 2473 gener-p..

77 2482 123 2509 ut
142 2482 213 2519 ego
234 2482 380 2507 tantum
408 2471 557 2508 affinem
578 2474 889 2511 constructionem
918 2473 955 2509 in
979 2475 1103 2510 Thuc.
1123 2475 1203 2510 ind.
1234 2470 1365 2517 γνέμης
1396 2473 1597 2520 diadem-maa,

78 2531 119 2559 et
136 2519 253 2556 fimiie
271 2520 363 2567 quid
380 2533 437 2568 ap.
459 2521 508 2556 G.
527 2522 599 2557 Th.
621 2524 697 2559 Lat.
731 2534 935 2564 „erratumv
959 2543 995 2550 -
1023 2522 1101 2559 Cic.
1124 2523 1253 2558 nullum
1280 2524 1329 2560 ob
1358 2524 1470 2559 totius
1496 2525 1598 2560 vitae

77 2581 148 2607 non
168 2568 287 2605 dicam
301 2570 446 2610 vitium,
473 2568 532 2606 sed
553 2581 743 2608 erratum“
775 2573 875 2609 unde
886 2573 1018 2608 Noster
1029 2573 1191 2614 duxerit,
1216 2572 1326 2609 nobis
1347 2574 1414 2608 Ver
1441 2572 1598 2621 ebungen

76 2617 104 2656 s.
126 2619 249 2656 Fehler
271 2619 335 2654 des
355 2619 503 2661 Lebcns,
531 2620 556 2656 i.
573 2634 607 2657 e.
630 2633 761 2668 pravae
782 2622 966 2661 aessones.
993 2620 1201 2657 commissae
1223 2621 1262 2658 in
1282 2622 1382 2663 Vim·
1406 2584 1596 2659 &vivendi

81 2667 292 2717 agendique
313 2669 474 2705 rationes
504 2672 711 2716 perversae,
748 2684 787 2709 et
811 2672 929 2722 alege
960 2671 1221 2712 abhorrentes;
1255 2682 1297 2708 ut
1325 2670 1444 2719 ipsum
1477 2671 1598 2721 piebis

84 2716 286 2761 iudicium.
311 2719 415 2767 quod
435 2719 624 2764 credebat,
648 2721 867 2772 imperantis
888 2721 1005 2759 vitam
1025 2718 1207 2758 scelestam
1226 2720 1379 2769 publice
1397 2719 1536 2770 puniri,
1559 2733 1600 2758 er
