1783 3133
223 109 324 159 540
366 99 536 143 LIBER
553 98 588 142 1.
621 98 745 143 GAP.
765 98 882 142 xm.
920 100 975 143 A.
1000 95 1059 144 V.
1080 99 1129 144 C.
1156 109 1220 154 94
1235 111 1278 146 2.
1315 102 1454 148 CHR.
1476 105 1541 150 N.
1564 108 1681 160 189.

216 212 340 273 ‚gMou
398 214 589 275 αἵματος
636 206 708 265 τὴν
753 208 909 272 Ῥώμην
929 208 950 243 ¹³
988 214 1142 277 cientes,
1185 213 1517 283 civilisanguine
1535 219 1717 270 Romam

216 283 520 354 „kamerac-av.
579 285 640 332 ταὶ
679 279 718 332 δ’
749 284 953 352 {nav-¹439&
993 293 1038 336 6.
1073 288 1351 355 infflleverunt.
1393 292 1624 360 Utriusque
1644 310 1718 344 au·

216 362 320 421 ³fio&
387 359 596 414 πλήθους
663 354 784 406 δειναὶ
837 359 954 424 ἡμᾶς
989 372 1067 411 tem
1083 363 1352 412 multitudinis
1371 366 1482 414 mala
1501 385 1576 415 nos
1592 370 1716 418 etiam

215 433 571 505 ῃπςοσλήψεται,
596 436 632 480 εἰ
649 432 709 496 μὴ
731 431 801 488 τὴν
824 436 951 494 wezl-
987 438 1261 504 occupabunt,
1295 438 1372 508 nfi
1392 444 1719 508 quamprimum

305 558 340 592 h)
365 556 428 587 Ms.
447 557 498 587 Ba.
517 557 568 589 τὴν
586 558 673 587 πέλω
689 557 758 587 lna.
803 557 940 587 Inferius
959 557 1079 588 iterum
1099 558 1244 599 occurrit
1263 559 1295 589 in
1314 562 1380 592 Ms-
1399 559 1499 592 etiarn
1518 563 1570 595 τὴν
1595 562 1715 599 Ῥώμην,

213 601 299 633 etin
319 610 420 639 marg.
442 600 522 631 stat:
556 603 669 639 γράφε·
714 604 765 633 vav
781 603 876 632 πόλιν.
922 603 1018 632 Forte
1038 602 1142 640 Ῥώμην
1167 604 1284 635 falsum
1312 604 1368 640 est.
1391 606 1502 638 Mart.
1545 608 1610 638 Hic
1636 607 1715 649 qui-

212 646 290 677 dem
311 645 344 676 in
363 648 446 678 Mss.
465 646 524 676 rel.
553 645 653 676 etiam
671 646 847 686 praebetur
863 648 916 678 τὶν
934 650 1018 683 κάλπη
1035 654 1066 677 λ.
1093 658 1125 679 v.
1145 649 1189 680 N.

213 745 304 788 alios
318 770 328 784 ,
361 755 474 791 atque
499 743 593 780 adeo
608 756 664 791 ap.
686 745 753 792 Ap.
774 744 924 780 Rhod.“
951 744 1025 780 fine
1035 747 1097 781 Vs.
1112 756 1150 781 et
1171 747 1334 784 numeris
1352 748 1549 796 respiciens
1569 761 1715 787 tantum

209 794 255 836 ad
276 793 400 829 Nostri
424 806 457 832 2,
482 803 537 837 13,
562 798 638 832 16..
666 792 711 828 cf.
735 794 780 828 ad
802 794 893 829 Poll.
915 802 949 834 8,
974 805 1052 830 110.
1073 808 1104 830 e.
1133 797 1179 830 Ν.
1198 804 1251 840 38.
1279 802 1333 835 ,,ἐ.
1355 805 1400 834 αἱ.
1421 799 1468 833 est
1494 799 1638 847 sanguis
1662 800 1715 835 ci-

209 842 334 885 vium,
367 842 428 888 qui
451 842 516 877 sub
534 854 644 878 unam
665 841 803 878 tribum
823 842 975 884 subasti5
1002 855 1039 879 et
1059 843 1099 878 in
1121 855 1253 891 genere
1272 845 1359 881 dein
1383 845 1607 894 sanguinem,
1635 848 1712 884 bel-

207 892 248 927 lo
270 890 370 926 civili
392 889 534 933 fusum,
562 901 688 930 notat,
714 889 785 926 five
804 890 944 929 fuerint
964 891 1002 927 in
1023 904 1097 933 una
1110 893 1231 933 tribu,
1255 893 1327 928 five
1344 906 1454 935 non„
1480 895 1540 930 hic
1560 897 1713 942 proprie

208 951 251 986 ac
271 938 441 988 physice,
475 952 496 975 e
515 950 696 975 contextu
721 938 898 985 superiori
928 952 966 977 et
989 941 1036 975 ob
1055 940 1266 977 adiuncffum
1287 955 1318 976 v.
1340 947 1437 984 ita„
1474 954 1518 978 ut
1537 956 1594 989 ap.
1615 945 1715 979 Flor-

209 1003 246 1040 4,
267 1003 297 1025 2.
321 1002 354 1027 e.
382 989 428 1024 de
446 988 512 1026 lul.
534 987 700 1035 Caefific
720 989 797 1030 ille,
834 989 896 1034 qui
917 1000 1099 1025 terrarum
1123 991 1251 1026 orbem
1272 992 1375 1026 civiti
1397 991 1575 1040 sanguine
1594 994 1714 1040 imple-,2-

207 1048 339 1084 verat,
379 1037 526 1073 tandem
549 1036 618 1086 ips}
646 1037 894 1083 sanauinefuo
914 1038 1050 1074 curiam
1079 1039 1263 1084 implevit,
1301 1039 1343 1076 it.
1363 1042 1465 1077 Cort.
1491 1040 1535 1076 ad
1557 1042 1642 1077 San.
1676 1054 1721 1088 p.

209 1099 294 1131 940-
316 1086 362 1126 i.,
398 1086 494 1121 nihil
516 1098 673 1133 tenente
705 1070 751 1123 ὃ.
779 1087 873 1127 Th..
909 1100 1020 1134 quarn
1050 1086 1090 1123 in
1112 1086 1218 1124 subst.
1242 1091 1300 1135 Bg.
1323 1098 1406 1132 289,
1421 1101 1480 1133 29.
1497 1089 1578 1138 sqq.
1605 1102 1718 1130 „me-

208 1138 312 1182 taph.
335 1134 510 1182 sanguine
528 1135 659 1171 civium
678 1148 846 1172 exercere
868 1137 1074 1184 imperium,
1110 1137 1214 1172 Curt.
1239 1138 1330 1180 (fine
1347 1139 1479 1184 explic.
1493 1164 1504 1180 ‚
1531 1137 1643 1176 etiam
1661 1139 1716 1175 ib.

205 1185 248 1222 in
267 1184 335 1233 N„
370 1183 430 1224 sed
453 1183 491 1218 in
514 1184 583 1223 adi.
607 1196 689 1228 940,
711 1187 783 1227 52.)
806 1184 1107 1234 civilissanguis‚
1143 1185 1248 1222 Lucr.
1273 1187 1295 1221 i.
1321 1187 1414 1230 bella
1432 1186 1575 1229 civilia,
1612 1188 1637 1223 s.
1663 1188 1716 1223 ci-

208 1233 311 1272 vium
334 1231 646 1268 interfestiones“
671 1245 712 1268 ut
732 1234 776 1269 ad
798 1234 894 1269 ven.
917 1237 950 1271 P.
973 1247 1006 1280 2,
1027 1244 1060 1280 3,
1080 1245 1110 1280 3.
1131 1235 1190 1269 boc
1211 1234 1361 1272 initium
1383 1236 1421 1272 in
1438 1236 1529 1272 urbe
1541 1237 1649 1272 Roma
1663 1236 1715 1272 ci-

205 1281 290 1317 vilis
301 1281 513 1328 sanguinis,
539 1281 579 1318 in
600 1289 643 1321 N.
670 1283 721 1327 „i
746 1296 776 1318 e.
798 1278 916 1330 belli,¹
940 1295 1006 1330 per
1034 1291 1268 1337 metonym.“
1295 1296 1379 1319 curn
1397 1287 1504 1325 Ind.,
1539 1297 1606 1331 pro
1632 1297 1712 1340 quo

203 1330 408 1367 sufficiebat
430 1333 508 1366 Lat.
529 1333 661 1371 caedes,
693 1344 762 1377 qua
781 1331 940 1366 notione
960 1331 1102 1378 tropica
1122 1344 1232 1368 etiam
1256 1332 1415 1368 nostrum
1435 1333 1557 1370 locum
1576 1333 1713 1382 accipit

203 1379 356 1428 Wyttb.
377 1379 421 1415 ad
441 1379 535 1415 Plur.
555 1380 601 1414 de
621 1380 645 1416 s.
667 1393 771 1416 num.
791 1394 825 1416 v.
847 1391 951 1426 p.31.
970 1393 1020 1416 m.
1048 1380 1124 1420 „fic
1143 1392 1296 1427 quoque
1317 1381 1473 1419 Herodi.
1497 1385 1518 1417 i.
1537 1395 1565 1417 1.
1592 1386 1657 1428 φᾶ.
1675 1401 1715 1410 -

203 1434 279 1472 ἐπῆ.
295 1446 333 1454 -
354 1424 439 1472 αἷμα
471 1427 612 1474 saepius
642 1430 761 1464 caedes
786 1440 958 1471 vocatur,
994 1443 1029 1464 v.
1054 1431 1168 1465 D’Or.
1199 1431 1267 1465 Ch.
1297 1443 1332 1477 p.
1353 1438 1462 1476 3745‘
1490 1444 1539 1467 m.
1560 1444 1595 1478 p.
1617 1431 1668 1478 sq.
1689 1430 1714 1467 i.

202 1477 287 1515 lnd.
313 1477 394 1513 lust.
417 1477 580 1522 (tacente
596 1478 642 1514 G.
665 1478 755 1523 Th.)
780 1480 865 1514 Abr.
886 1479 929 1514 ad
953 1478 1081 1514 Aesch.
1107 1490 1139 1519 1,
1162 1486 1243 1520 481.
1264 1491 1316 1519 e.,
1340 1479 1384 1516 ad
1397 1480 1714 1526 N.T.Krb.p.73.

202 1528 340 1566 Loesn.
369 1538 404 1572 p.
425 1529 484 1569 64.
502 1539 540 1562 et
562 1527 696 1568 Lexx.,
723 1538 885 1573 quorum
896 1528 1013 1562 Schw.
1029 1540 1061 1573 p.
1079 1540 1132 1571 ²4-
1143 1540 1174 1563 e.
1202 1527 1387 1567 ‚‚Herodi.
1402 1541 1432 1569 1,
1451 1539 1555 1574 ¹3·-
1577 1529 1714 1565 civium

202 1576 308 1612 caede
328 1574 479 1610 Romam
499 1575 766 1623 impleverunt“
798 1587 839 1613 ut
857 1576 944 1610 Sch.
968 1575 1175 1622 „sanguine
1195 1577 1322 1616 civili,
1355 1579 1392 1618 (e
1414 1577 1466 1622 P.)
1490 1577 1512 1612 i.
1531 1592 1563 1612 e.
1592 1576 1713 1613 caedi-

202 1621 274 1661 bus
295 1623 462 1665 civium“
488 1635 562 1670 quo
585 1623 687 1660 sensu
706 1636 741 1667 v.
763 1629 836 1669 ἐπλ,
867 1626 978 1660 etiarn
1000 1624 1143 1669 tropice
1165 1624 1407 1664 sumendum,
1445 1637 1633 1672 tropoque
1655 1639 1712 1662 re-

201 1683 332 1720 moto,
368 1684 435 1718 pro
452 1675 682 1719 ἐςγὰζεσ3υ4,
709 1673 830 1719 (quod
852 1684 890 1709 et
910 1673 997 1709 alias
1015 1672 1151 1714 ¹Noster·
1169 1672 1214 1709 de
1237 1670 1335 1718 φόνος
1356 1672 1535 1718 adhibet.)
1565 1686 1636 1710 nec
1658 1685 1714 1710 ta-

202 1735 289 1757 men
309 1720 544 1764 (impliciter,
572 1719 634 1757 sed
652 1734 720 1768 per
739 1722 841 1758 urbis
863 1733 1003 1767 partem
1024 1720 1148 1756 iustam
1163 1747 1173 1763 ,
1201 1734 1242 1756 ac
1265 1722 1391 1757 multis
1407 1722 1446 1756 in
1468 1722 1561 1757 locis
1574 1723 1714 1760 Romae

202 1782 345 1819 patrare
358 1769 491 1806 civium
508 1771 650 1810 caedes,
677 1781 734 1814 ut,
762 1770 808 1806 de
820 1767 1145 1817 notionephyfica,
1174 1771 1314 1806 civium
1326 1770 1712 1818 sanguinemfundere

201 1832 269 1868 per
281 1819 408 1856 urbem
419 1818 479 1854 hic
489 1829 527 1853 et
539 1817 616 1855 iilic
627 1834 636 1860 ς
649 1818 693 1854 cf.
708 1819 746 1855 in
761 1833 794 1854 v,
807 1821 901 1868 impl.
914 1821 960 1857 G.
972 1819 1046 1855 Th.
1057 1819 1136 1854 Ind.
1149 1818 1226 1854 Liv.
1239 1821 1316 1855 lust.
1333 1831 1370 1854 et
1381 1821 1483 1856 Cort.
1496 1820 1539 1855 ad
1551 1821 1710 1868 Cimep..

202 1880 289 1907 cum
309 1867 399 1906 Phil.
423 1866 463 1902 in
485 1866 600 1909 Flacc.
622 1881 657 1915 p.
670 1880 751 1912 752.
770 1870 816 1904 D.
835 1869 858 1904 i.
886 1866 1072 1906 εἶτκσαν-
1090 1875 1149 1908 τὴν
1169 1874 1355 1911 οἰκουμένην
1374 1874 1542 1914 ἐμφυλίων
1559 1877 1711 1913 πολέμων

201 1915 415 1966 ἐπλήρωσεν,
453 1926 564 1952 totum
594 1918 722 1954 orbem
741 1919 892 1966 replevit
912 1916 1017 1955 beliis
1040 1917 1224 1959 civilibus,
1257 1930 1333 1965 quo
1353 1918 1432 1965 ipio
1454 1931 1488 1953 v.
1510 1920 1588 1962 Lat.
1616 1918 1712 1955 nihil

203 1966 363 2016 exponit
392 1966 439 2001 G.
458 1966 530 2002 Th.

251 2014 312 2056 τ’ῆν
330 2010 469 2059 Ῥώμην)
499 2014 594 2050 Cod.
615 2014 724 2051 leffio
744 2012 841 2061 πόλιν
859 2028 944 2052 vera
961 2015 1024 2056 est,
1049 2027 1195 2062 recepta
1215 2012 1368 2063 ingenio
1385 2014 1525 2058 librarii
1544 2015 1710 2053 tribuen-

202 2064 259 2103 da.
283 2063 417 2100 Stroth.
469 2065 590 2109 Locus
610 2066 699 2100 aiter
718 2063 871 2101 Martini
891 2065 941 2101 est
959 2078 994 2107 2,
1017 2077 1072 2110 14,
1097 2077 1125 2100 ι.
1141 2087 1150 2102 ,
1185 2063 1372 2100 referente
1390 2065 1430 2099 Ρ.
1453 2075 1492 2101 et
1513 2064 1574 2100 hic
1597 2065 1710 2114 vulg„

201 2115 314 2161 quarn
332 2124 411 2149 non
429 2113 587 2160 repudio
604 2137 615 2154 ,
657 2125 744 2149 curn
765 2115 853 2150 Mss.
882 2112 941 2148 illa
967 2125 1081 2160 queat
1102 2113 1171 2149 effe
1198 2113 1367 2162 gloffema
1389 2127 1409 2149 e
1430 2111 1712 2161 comparationes

200 2162 394 2211 priorum,
427 2159 492 2197 ubi
512 2160 558 2197 fic
580 2160 777 2210 praecipue
797 2159 894 2204 πόλις
916 2164 962 2199 de
985 2164 1101 2198 Roma
1122 2162 1194 2197 fuit
1215 2162 1435 2210 aliquoties,
1471 2174 1631 2209 cumque
1650 2175 1710 2198 va·

200 2211 293 2247 riare
313 2210 446 2247 Noster
463 2210 524 2245 hic
543 2211 732 2257 potuerit,
766 2223 809 2248 ut
829 2224 862 2254 1,
882 2223 940 2254 12,
961 2222 1016 2258 13.
1039 2223 1070 2246 e.
1087 2218 1145 2254 τὴν
1163 2206 1280 2255 πόλιν,
1312 2210 1423 2260 §.15.
1444 2220 1506 2261 τῆς
1525 2210 1647 2256 Ῥώμης
1669 2223 1709 2249 et

201 2258 233 2307 §.
255 2261 304 2306 sq.
327 2260 462 2295 iterum
484 2264 516 2297 ἐν
539 2262 582 2304 τῇ
602 2257 710 2297 πόλει.
1000 2261 1003 2263 ’

248 2314 295 2347 τὰ
318 2310 346 2345 δ’
363 2328 402 2336 -
419 2311 557 2354 προσ-λ.)
581 2310 692 2344 Forte
713 2305 1029 2354 xqonxroeaqssgnq.
1048 2307 1163 2345 Reisk.
1189 2310 1232 2345 P.
1252 2309 1386 2350 deserit
1406 2308 1539 2356 partim
1549 2310 1637 2356 Bg„
1663 2317 1708 2356 ut

200 2369 238 2395 et
257 2357 340 2393 Sch.
365 2357 406 2392 in
432 2369 520 2397 „nn
538 2359 744 2404 utriusque,
771 2358 887 2404 plebis
905 2368 944 2393 et
963 2358 1149 2400 militum..
1176 2360 1364 2406 (equitum
1381 2357 1637 2404 imperatoris,
1663 2367 1709 2394 ut

199 2405 231 2453 §.
255 2408 326 2453 pr.)
348 2409 377 2442 δ.
397 2406 513 2447 mala,
539 2405 764 2443 calamitates
786 2407 825 2441 in
854 2419 920 2442 nos
938 2407 1119 2449 recident,
1141 2423 1199 2454 κς.
1215 2408 1476 2457 apprehendent
1494 2417 1564 2442 nos
1581 2406 1707 2443 masat<

199 2457 303 2502 quod
323 2456 400 2491 Lat.
419 2466 475 2502 ap.
495 2454 541 2496 G.
566 2455 641 2492 Th.
671 2459 933 2502 nivrtaoenssoivw,
951 2474 992 2485 —-
1012 2456 1176 2505 metaph.
1198 2475 1239 2484 --
1262 2457 1322 2492 ubi
1341 2455 1471 2492 veniet
1488 2454 1595 2491 libido
1614 2464 1709 2490 nau·

197 2502 323 2539 standi
350 2515 424 2539 eum
447 2515 520 2550 que
539 2504 803 2553 apprehendet“
838 2504 1034 2552 ignorante
1053 2507 1131 2553 Srp.
1153 2505 1226 2542 Th.
1254 2506 1328 2549 hoe
1347 2502 1469 2546 ηις-(1.,
1504 2502 1607 2551 quod
1631 2501 1705 2538 alio

197 2551 305 2589 sensu
323 2564 355 2586 ν.
376 2552 415 2587 in
437 2553 479 2588 L.
499 2553 547 2589 N.
569 2554 618 2588 T.
642 2563 681 2588 et
694 2552 781 2590 Obs.
800 2555 891 2591 Krb.
911 2565 998 2592 cum
1018 2555 1173 2597 Loesn„
1194 2552 1609 2591 Abr.Dii.Th.D'Orv.
1622 2550 1705 2592 Cha

196 2601 238 2637 R.
262 2601 328 2637 Or.
348 2601 392 2636 V.
411 2603 444 2637 6.
463 2612 496 2644 7.
520 2600 560 2637 Is.
584 2601 687 2638 Polb.
705 2602 815 2645 Em„
852 2602 916 2639 ubi
942 2613 982 2640 et
1008 2601 1096 2644 ast,
1129 2614 1205 2650 quo
1234 2603 1282 2640 de
1311 2602 1357 2638 cf.
1379 2601 1501 2638 Rs.·ad
1530 2600 1706 2641 eundem,

194 2649 341 2685 D'Orv.
362 2649 385 2683 Ι.
402 2648 428 2684 1.
451 2650 563 2687 Diod.
582 2652 620 2687 S.
644 2651 755 2687 Dem.
774 2652 870 2691 Xen,
889 2652 978 2696 Ἀνβ.
1007 2653 1107 2688 Mor.
1128 2663 1167 2688 et
1188 2653 1272 2699 Cyr.
1292 2652 1335 2690 Z.
1356 2663 1439 2687 cum
1457 2647 1560 2686 Suid.
1575 2659 1610 2696 3,
1626 2656 1705 2696 193.

197 2698 244 2741 i.,
278 2710 336 2746 ap.
363 2709 456 2746 quos
481 2698 577 2736 nihil
601 2697 716 2737 fiinile
741 2699 886 2744 nostro,
921 2699 990 2739 nist
1015 2701 1118 2750 quod
1147 2698 1288 2738 inversa
1309 2699 1464 2736 ‘ratione
1491 2697 1625 2746 aliquis
1651 2698 1703 2734 dr.
