1798 3163
174 185 343 244 LIBER.
361 186 395 241 Ι·
429 181 655 241 CARVI·
694 185 749 233 Α.
773 176 831 233 V.
854 181 904 231 C.
932 191 1057 243 933·
1095 180 1464 232 CHR.N.180.
1516 196 1615 241 197

99 304 203 365 „noel
233 300 388 371 ἀέξων,
434 295 487 351 ὧν
518 299 695 357 Ἰταλία,
734 295 840 363 μόνη
874 301 988 352 mnia
1028 298 1164 350 Italia
1193 297 1300 370 sola
1331 299 1512 368 praehet
1530 299 1616 371 sa..

97 464 311 500 quanquam
329 461 410 487 non
431 448 580 489 videtur
598 447 729 490 Noster
748 448 799 484 ita
822 447 987 486 absolute
1005 447 1152 493 ᾳξτμίδας
1176 447 1358 496 pofiturus
1384 447 1492 490 fuisse
1505 473 1516 490 ,
1549 447 1614 485 sed

98 501 303 540 adiesturus
331 500 531 548 epitheton
551 497 725 547 aliquod,
754 510 796 535 ut
826 495 969 539 εὐώδεις.
1019 500 1147 546 ltaque
1169 498 1311 544 accipio
1335 498 1419 541 οἶτμ.
1442 511 1525 535 cum
1546 500 1611 545 Bg.
1666 545 1674 549 „

95 564 117 587 e
137 553 174 588 Ρ.
201 552 261 596 (ut
281 549 352 592 iam
370 547 513 585 versum
536 548 585 586 est
605 549 708 593 supra
730 548 937 595 ap.Diod.,
974 558 1012 584 et
1043 559 1194 595 quoque
1217 548 1305 584 Hes.
1338 546 1518 594 explicuit
1537 548 1561 582 l.
1581 547 1612 586 l.

94 601 210 646 μηρὼ)
231 598 460 640 existimans,
487 598 655 644 copulari
676 610 694 632 a
712 597 847 634 Nostro
866 610 930 644 per
950 597 1096 644 copiam
1117 597 1193 644 syn.
1215 596 1297 641 ἐτμ.
1323 609 1406 634 cum
1425 597 1496 642 deq.
1511 621 1520 638 ‚
1547 609 1613 632 au-

94 663 160 685 ras
185 661 272 685 cum
290 652 393 689 ab're,
421 650 540 695 (quod
563 647 667 694 postr.
690 646 752 682 hic
767 645 927 687 iterum,
959 656 1003 682 ut
1020 647 1129 687 alibi,
1154 659 1219 694 per
1242 646 1334 692 plur.
1356 645 1612 692 exprimitun)

92 697 140 735 fic
163 709 310 739 tamen,
345 707 387 734 ut
407 696 556 744 proprie
578 695 674 745 α’έςες
695 695 804 733 latius
825 695 914 743 quid
930 695 1020 737 fint.
1052 706 1091 733 et
1111 695 1251 740 εξτμίδες
1270 695 1480 744 angustius,
1515 695 1552 732 h.
1573 707 1611 732 e.

93 747 161 794 ἆιὶς
184 748 208 785 i.
229 761 264 796 q.
285 760 338 795 pr.
359 746 390 794 §.
413 742 503 793 ὥρα,
535 747 630 783 εὲτὶς
653 746 770 789 totius
788 745 1026 788 constitutio..
1059 745 1121 783 sed
1151 745 1252 793 ἀτμὶς
1277 745 1369 780 a'e'ris
1391 757 1471 791 pars
1498 756 1612 792 quae·

93 799 201 841 dam,
227 796 351 845 quoad
374 806 562 837 movetur,
590 807 700 842 quem
718 807 861 832 ventum
875 795 1047 838 dicimus,
1076 806 1114 832 et
1133 793 1173 832 in
1192 793 1384 841 communi
1400 794 1476 829 vita
1491 794 1610 831 etiam.

93 846 210 894 fimpl.
231 852 376 888 aerem,
404 858 443 881 et
462 856 533 885 utr.
555 845 661 881 nobis
685 845 776 892 Luft
791 845 869 881 und
897 845 1126 892 Witterung,
1151 856 1246 892 quae
1265 855 1304 879 et
1321 842 1609 892 coniunguntur

93 909 150 944 ap.
163 895 396 945 geographos
407 890 520 931 hofiie
540 893 579 930 iu
593 905 694 941 parte
709 906 824 930 terrae
834 893 989 935 alicuius
998 892 1239 941 regionisque
1252 892 1394 940 phylica
1407 905 1445 928 et
1458 903 1610 934 natura-

92 945 118 982 li
131 943 389 987 describenda;
414 943 506 980 ficut
517 943 606 981 haec
618 942 799 992 expolitio
810 955 962 991 quoque
974 942 1122 980 caditin
1135 943 1214 979 Lat.
1229 944 1405 990 Bg.coel0.
1428 941 1528 989 quod
1542 941 1608 978 hic

89 1007 171 1032 non
190 995 320 1042 utique
340 993 383 1030 fit
398 1004 532 1041 corpus
550 993 654 1034 illud,
675 992 788 1028 stellis
804 1005 946 1039 aptum,
973 992 1032 1027 led
1052 1002 1116 1033 aut
1127 997 1199 1033 aer,
1223 1002 1287 1034 aut
1298 991 1503 1037 tempestas,
1523 1003 1605 1040 quo

92 1043 140 1080 de
158 1056 230 1081 utr.
252 1043 299 1080 cf.
321 1045 370 1081 G.
390 1044 488 1083 Th„
517 1054 577 1083 et,
604 1041 650 1077 de
669 1046 752 1077 aere
770 1041 952 1083 sumtum,
979 1041 1112 1077 debeat
1131 1040 1201 1077 effe
1221 1039 1389 1088 ampliori
1410 1039 1519 1081 senlu
1541 1041 1607 1077 ad-

91 1093 277 1135 hibitum,
305 1105 343 1130 et
362 1094 387 1129 i.
407 1104 442 1139 q.
462 1090 670 1139 tempestas.
697 1101 739 1127 ut
759 1090 1002 1142 distinguatur
1020 1102 1038 1126 a
1059 1088 1161 1126 fimul
1185 1089 1314 1136 positis
1331 1090 1454 1131 auris,
1479 1088 1608 1137 quain

90 1155 186 1179 voce
203 1144 252 1180 G.
270 1143 345 1178 Th.
368 1140 416 1177 fic
435 1141 548 1176 habet
578 1152 718 1181 „auras
751 1144 865 1186 au'eoe,
886 1138 988 1187 πνοὴ,
1029 1142 1094 1182 (en
1118 1139 1199 1187 syn.
1222 1138 1319 1175 istius
1340 1139 1444 1187 ἀτμὶς
1458 1140 1482 1183 ἔ)
1505 1137 1607 1176 lenis

91 1192 247 1246 quidam
267 1191 359 1228 ae‘ris
378 1202 504 1230 motus
524 1199 563 1225 et
578 1187 726 1234 spiritus
744 1189 892 1225 dulcior
905 1215 916 1230 ‚
944 1201 987 1226 ut
1003 1188 1182 1237 Zephyri.
1200 1209 1240 1217 --
1267 1188 1457 1225 Interdum
1477 1199 1606 1225 tamen

91 1241 411 1278 vehementiorem
439 1249 607 1279 motum,
641 1250 753 1286 quem
774 1250 926 1277 ventum
947 1250 1123 1274 vocamus
1137 1262 1154 1290 ’-
1174 1237 1367 1288 significat,
1387 1257 1426 1264 —·
1457 1240 1496 1283 4)
1514 1241 1608 1281 afr-4

89 1297 226 1329 notat“
250 1289 397 1337 prorsus
416 1299 459 1327 ut
479 1289 666 1330 volumus,
687 1287 737 1324 cf.
760 1288 847 1326 Hes.
875 1301 906 1330 ι,
926 1293 1008 1333 619.
1032 1302 1079 1327 m.
1109 1291 1239 1335 eoem,
1271 1287 1372 1331 πνοιὶν
1393 1285 1538 1333 aex-nb,
1565 1297 1607 1324 et

88 1337 212 1388 αὔρη,
241 1347 356 1387 πνοαὶ,
399 1350 439 1375 et
459 1337 560 1374 Suid.
577 1364 589 1382 ‚
625 1350 702 1374 non
721 1338 771 1375 ib.
792 1337 905 1380 coll.,
934 1350 967 1379 ι,
992 1346 1073 1384 382.
1093 1350 1143 1374 m.
1169 1333 1286 1388 αὖςαν,
1310 1336 1429 1379 modu.
1466 1349 1607 1379 auram,

88 1401 258 1431 ventum,
287 1399 364 1435 quo
394 1386 503 1435 postr.
525 1389 591 1424 Gr.
619 1387 732 1425 iidem
763 1399 962 1435 exponunt
981 1389 1004 1425 l.
1027 1388 1050 1423 Ι.
1083 1387 1188 1435 supra
1215 1385 1380 1424 nostrum
1403 1386 1528 1432 ἆτμὶς,
1562 1395 1607 1422 ut

85 1439 164 1478 Lar.
185 1438 277 1475 illud
297 1440 359 1485 Bg.
379 1450 401 1473 e
421 1439 486 1474 Gr.
507 1448 631 1473 ortum
652 1449 804 1484 apparet
825 1450 889 1485 per
908 1437 955 1473 se.
1014 1439 1214 1474 Caeterum
1235 1435 1260 1473 fi
1279 1447 1405 1473 tamen
1426 1435 1510 1484 quis
1544 1434 1608 1472 hic

85 1501 171 1525 cum
192 1487 310 1524 Schw.
327 1486 449 1534 capiat
470 1487 555 1531 αἶτμ.
578 1486 624 1522 de
635 1487 840 1527 caloribus.-
874 1488 1007 1524 debeat
1029 1487 1059 1523 is
1081 1487 1121 1524 in
1144 1486 1228 1531 α’τμ.
1248 1502 1282 1522 τ.
1297 1501 1330 1534 ¹⁶.-
1352 1485 1427 1532 oie?-
1449 1485 1606 1522 statuere

85 1537 280 1580 hendiad„
307 1548 350 1573 ut
372 1535 414 1573 lit
435 1538 549 1573 calido
570 1540 674 1579 a'e're,
708 1538 821 1577 coelo,
855 1537 966 1574 nobis
984 1549 1120 1574 warme
1139 1534 1250 1578 Luft,
1295 1535 1524 1583 Witterung,
1558 1534 1607 1583 ‘ac

85 1587 268 1625 referatur
288 1586 335 1623 ad
366 1599 423 1634 pr.
443 1591 501 1632 ὡς.
522 1602 652 1632 neum,
684 1598 896 1634 quanquam
924 1585 971 1623 ad
997 1588 1093 1623 hanc
1118 1584 1273 1635 figuram
1301 1597 1381 1624 non
1402 1583 1609 1636 descendo,

85 1635 176 1673 dum
200 1636 339 1685 lingula
359 1636 468 1672 uerba
489 1635 577 1672 licet
599 1636 849 1683 interpretari.

135 1684 177 1724 ὧν
197 1687 321 1729 ἰι-αλ.)
347 1686 423 1728 Hic
443 1688 506 1734 ssg.
529 1686 637 1731 paulo
661 1685 812 1722 liberius
833 1685 977 1722 recedit
1002 1697 1022 1722 a
1041 1684 1178 1723 verbis.
1201 1685 1318 1722 Leisn.
1382 1685 1479 1721 Sane
1501 1683 1605 1720 secu-

86 1747 145 1773 tus
176 1737 226 1771 est
252 1737 317 1784 Bg.
345 1747 417 1771 nec
438 1735 478 1770 Ρ.
508 1747 578 1770 nec
602 1736 688 1772 Sch.
715 1734 757 1771 in
783 1738 886 1782 ,,ε,ὖφ.
912 1735 1024 1772 Italia
1048 1735 1150 1777 ferax
1176 1739 1376 1785 vaporum“
1404 1734 1508 1771 cuius
1531 1731 1607 1770 adi.

84 1784 301 1832 particulam
320 1780 357 1822 εὖ
380 1783 549 1830 expreffit
572 1797 636 1832 per
665 1783 737 1824 adi.
749 1784 929 1832 salubris.
969 1784 1032 1827 sed
1055 1785 1235 1833 reliquam
1259 1795 1403 1832 partem
1433 1793 1509 1830 φορ.
1540 1793 1608 1831 pet

85 1835 242 1870 verbum
259 1833 337 1882 syn.
356 1832 556 1879 illisa-re,
595 1833 696 1880 quod
725 1833 819 1870 latet
845 1832 884 1870 in
917 1833 978 1870 illa
998 1834 1268 1870 terminatione
1285 1832 1358 1870 adi.
1374 1858 1384 1875 ,
1421 1833 1606 1869 affumens

85 1893 275 1930 praeterea
294 1880 366 1917 adi.
383 1887 538 1922 πάντων,
564 1893 605 1918 ut
626 1881 859 1924 ostenderet,
887 1881 923 1924 se
943 1883 1139 1919 articulum
1157 1883 1181 1920 s.
1204 1896 1314 1930 pron.
1336 1879 1376 1920 ὢν
1388 1895 1466 1919 non
1487 1880 1607 1917 refer-

84 1946 126 1970 re
151 1931 195 1967 ad
221 1930 339 1967 solum
369 1931 579 1976 proximum
609 1933 681 1977 εἶαρ.
697 1956 708 1972 ,
750 1931 813 1968 sed
841 1931 885 1966 ad
918 1931 1056 1979 reliqua
1078 1931 1264 1979 praemissa
1281 1935 1400 1977 πηγῶν
1418 1950 1458 1960 -·
1484 1930 1606 1977 cibem-1,

85 1981 173 2021 ubi.
201 1981 326 2028 quoad
346 1979 436 2017 illud
458 1982 551 2022 adi„
575 1979 728 2016 alsumto
749 1993 782 2015 v.
802 1979 904 2017 subst.
919 2005 930 2022 ‚
965 1980 1141 2022 reddam,
1173 1981 1299 2030 quibus
1326 1981 1520 2017 abundans
1542 1978 1606 2029 est,

85 2032 222 2080 quibus
241 2030 425 2071 abundat,
450 2041 543 2076 quae
560 2029 708 2066 abunde
729 2030 852 2072 habet,
879 2029 928 2066 cf.
950 2029 983 2078 §.
1007 2039 1038 2076 3.
1060 2042 1114 2072 e..
1144 2030 1218 2073 vel,
1244 2030 1415 2079 neglesso
1437 2026 1490 2072 εὖ,
1515 2029 1606 2078 qu'ae

85 2081 261 2129 praebet,
289 2080 402 2127 fert,
435 2078 546 2116 habet
565 2077 776 2128 ltaliasola‚
811 2078 836 2115 i.
858 2077 1000 2121 solum,
1033 2080 1253 2127 praecipue,
1294 2077 1341 2115 cf.
1367 2093 1396 2122 r,
1417 2093 1454 2127 4,
1483 2083 1539 2125 [4.-
1556 2091 1610 2118 e..

85 2142 172 2165 cum
190 2140 229 2165 et
247 2129 282 2164 h.
305 2128 328 2165 1.
349 2127 405 2165 isti
427 2128 600 2165 homines
622 2127 749 2164 dicant
767 2141 851 2166 cum
874 2128 988 2165 animi
1016 2141 1124 2166 motu
1144 2129 1295 2177 aliquo.
1331 2141 1369 2165 et
1399 2123 1529 2176 cupidi
1546 2139 1606 2176 pa·

87 2179 257 2225 triaeque
276 2177 388 2214 nimis
409 2177 601 2218 faventes;
639 2190 715 2225 quo
732 2179 857 2215 Nostri
880 2179 1057 2216 encomio
1075 2180 1122 2215 de
1142 2179 1267 2214 ltaliae
1288 2178 1459 2215 bonitate
1490 2174 1605 2214 etiam

85 2238 243 2264 utuntur
263 2227 307 2262 ad
317 2225 398 2262 Aet.
418 2228 462 2263 V.
481 2227 516 2262 h.
537 2240 572 2274 p.
592 2230 676 2271 605.
697 2227 721 2263 i.
740 2240 796 2270 a.,
831 2228 895 2264 ubi
919 2240 958 2265 et
979 2228 1074 2264 Plin.
1100 2228 1205 2265 locus
1230 2227 1302 2269 est,
1341 2229 1414 2265 huc
1436 2230 1606 2267 commo-

86 2277 179 2317 dus,
217 2286 296 2312 tota
315 2288 357 2315 ea
377 2276 506 2312 vitalis
526 2289 565 2312 ac
581 2278 750 2325 perennis
771 2277 994 2315 salubritatis
1014 2279 1103 2314 coeli
1120 2278 1307 2323 temperies
1326 2278 1465 2324 (ἀέρων)
1481 2276 1543 2328 est,
1564 2296 1605 2305 —

87 2335 142 2361 tot
165 2324 351 2362 montium
368 2325 533 2374 afflatus,
561 2328 702 2371 (πνοιῖν,
727 2327 897 2373 ἁτμίδων,
923 2326 948 2362 i.
967 2327 1090 2369 venti,
1117 2339 1243 2369 aurae,
1267 2340 1289 2364 e
1308 2328 1501 2363 montibus
1513 2325 1606 2362 flan-

84 2385 166 2417 tes,
195 2373 244 2413 cf.
264 2376 310 2412 G.
334 2375 408 2411 Th.
431 2388 465 2411 ν.
482 2374 621 2424 afflat„
658 2389 754 2424 quae
769 2377 844 2413 duo
865 2376 972 2423 supra
990 2377 1337 2424 quaerebamus‚)-
1357 2386 1411 2412 tot
1432 2376 1603 2414 amnium

81 2423 242 2470 fontium
265 2436 338 2472 que
358 2425 530 2471 ubertas‚·
565 2439 586 2461 e
614 2438 689 2473 quo
717 2438 808 2463 extr.
827 2425 933 2463 subst.
953 2438 1102 2464 maneat
1122 2437 1247 2463 tamen
1265 2425 1326 2463 hic
1346 2438 1403 2473 ap.
1427 2426 1605 2461 Nostrum

84 2473 146 2511 svis
169 2475 316 2521 propria
336 2473 408 2509 adi.
427 2477 503 2520 εὖφ.
518 2500 530 2517 ,
556 2487 598 2511 ut
616 2487 724 2513 aurae
743 2474 839 2518 illae,
860 2475 1086 2524 coelumque
1100 2475 1217 2518 illud,
1245 2475 1348 2524 quod
1369 2475 1472 2512 ltalia
1492 2475 1607 2511 habet

85 2521 163 2559 sola
184 2534 222 2559 ct
245 2522 450 2570 praecipue,
479 2523 711 2572 intelligetur
728 2523 785 2568 fic,
813 2537 915 2563 auras
934 2524 1005 2563 effe
1022 2524 1215 2567 mitiores,
1241 2537 1284 2561 ac
1303 2524 1451 2570 coelum
1480 2523 1605 2567 lenius

89 2572 345 2618 calidfflsque,
386 2584 457 2609 nec
478 2573 527 2611 ita
550 2573 696 2611 immite
717 2585 756 2611 et
780 2573 956 2624 frigidum
971 2601 982 2617 ‚
1027 2573 1127 2612 utin
1144 2574 1234 2622 ripis
1256 2575 1354 2616 lstm
1389 2575 1434 2615 ad
1456 2572 1604 2611 laudem

88 2619 189 2669 forte
207 2619 334 2658 ltaliae
354 2622 466 2658 etiam
492 2622 790 2670 pertinentibus,
825 2637 918 2671 quae
936 2623 1119 2672 inspicere
1137 2636 1215 2662 non
1233 2623 1363 2665 licuit,
1401 2624 1460 2660 his
1479 2622 1603 2660 Leisn.

68 2669 129 2709 *in
149 2683 197 2706 m.
219 2672 291 2708 Ox.
323 2684 388 2712 „v-
408 2674 528 2710 strab.
548 2673 612 2711 Vl.
633 2685 672 2710 et
690 2674 796 2710 Cluv.
817 2676 865 2711 G.
887 2675 930 2710 A.
959 2675 982 2710 Ι.
1009 2688 1039 2710 ι.
1064 2686 1095 2709 c.
1111 2685 1142 2719 5.
1171 2686 1203 2722 p.
1220 2673 1370 2721 33.sq.“
1423 2671 1544 2710 Restat
1560 2673 1609 2709 de

86 2719 420 2767 interpunflione,
457 2735 498 2759 ut
522 2735 589 2769 pro
619 2722 758 2771 puncto
791 2737 894 2759 mero
926 2723 1004 2772 post
1031 2727 1105 2768 εὐφ.
1136 2721 1178 2761 fit
1207 2723 1341 2760 melius
1370 2722 1550 2772 punctum
1578 2719 1604 2756 s.

91 2767 234 2814 fignum
256 2771 505 2814 exclamandi,
532 2771 555 2808 fi
577 2772 737 2810 sumatur
755 2774 800 2810 ab
821 2769 918 2810 ἄλλοι
939 2791 977 2800 -
997 2776 1071 2819 ⁶¹34·-
1092 2772 1309 2810 enuntiatio
1331 2772 1471 2809 ironica
1486 2798 1496 2814 ,
1531 2780 1607 2811 aut.

91 2818 194 2865 quod
213 2820 370 2864 malim„
393 2834 473 2859 non
504 2822 620 2860 modo
651 2822 730 2872 post
756 2827 835 2871 εὑφ.
860 2823 1039 2871 ρυηὲὶιιω
1061 2821 1319 2873 interrogandi
1337 2833 1424 2861 cum
1450 2822 1522 2858 Ms.
1546 2822 1605 2856 Ba.
