1798 3137
238 161 429 210 xxxw·
523 161 558 206 1.
585 161 671 207 FR.
705 157 983 207 LE1SNER1
1017 160 1255 209 PROLVS.
1287 141 1508 212 SCHOLJ

243 272 417 311 instinRu
446 268 576 307 divino
599 270 797 319 afflatuque
825 272 1033 310 concitatus
1062 271 1147 310 talia
1166 271 1306 322 flagitia.
1334 284 1385 310 ne
1413 271 1643 310 nominanda
1668 271 1751 321 qui·

243 322 330 360 dem
349 320 531 357 decernit.

344 372 404 406 An
432 369 653 411 statuemus,
696 368 788 406 b‘oni
817 366 983 406 historici
1007 367 1096 412 effe,
1130 368 1260 418 spurce
1285 370 1513 418 obsceneque
1538 368 1642 407 fastis
1668 379 1750 406 non

245 420 362 458 modo
393 417 593 465 cogitando
622 419 833 459 immorari,
874 430 1004 454 verum
1029 419 1145 455 etiam
1171 419 1252 456 stilo
1278 419 1448 466 persequi
1471 430 1509 454 et
1526 430 1673 454 narrare
1695 431 1750 459 ea,

241 473 341 519 >quae
358 466 501 504 nemini
519 466 633 502 obiici
649 478 698 504 ne
718 467 762 502 ab
779 465 934 503 inimico
955 466 1107 514 quidem
1127 469 1261 516 poffint
1280 467 1517 504 verecundo?
1562 468 1660 507 Quis
1680 467 1750 516 igi-

247 530 309 556 tur
329 529 409 554 non
437 515 664 552 laudandum
694 515 822 562 potius
840 514 1118 558 Herodianum,
1150 529 1259 565 quarn
1279 515 1590 564 vituperandum,
1624 517 1749 556 ducat,

246 566 350 615 quod
368 565 450 603 talia
470 575 534 600 aut
553 564 698 611 prorsus
719 563 1006 611 praetermittit,
1039 572 1122 607 aut,
1156 565 1182 602 fi
1201 566 1492 614 praetermittere
1516 577 1596 601 non
1616 563 1748 611 potest.

245 615 467 653 brevitatem
487 612 660 665 adhibet,
700 623 738 648 et
762 613 872 648 verba
891 614 1131 651 occultandae
1147 614 1374 662 turpitudini
1395 625 1499 661 apta:
1534 625 1596 654 vt,
1630 623 1749 660 quum
1796 624 1798 657 ;

247 663 354 702 fuisse
369 672 512 702 narrat,
550 671 615 707 qul
635 668 929 708 praetereuntem
957 661 1144 700 Iulianum
1172 663 1374 700 malediffis
1392 662 1676 702 infestarentur,
1710 669 1751 697 et
1796 659 1798 662 ⁴

249 719 372 762 'turpes
404 711 436 747 ei
468 710 714 756 ambiguusque
739 710 939 757 voluptates
966 712 1243 759 exprobrarent.
1270 714 1313 752 ΙΙ,
1333 724 1368 756 7.
1419 711 1603 748 incestum
1638 710 1749 746 Iuliae

247 774 336 799 cum
355 757 795 809 Caracalla-concubitum
814 769 878 803 aut
899 759 1102 807 ignoravit,
1126 772 1189 798 aut
1207 773 1285 797 non
1306 759 1487 801 credidit,
1516 769 1598 801 aut,
1625 757 1649 794 fi
1671 770 1750 793 cre-

248 810 368 851 didit,
402 818 480 843 non
500 805 568 841 esse
590 805 678 856 suae<
691 807 936 844 verecundiae
955 807 1171 845 existimavit
1184 834 1195 849 ,
1226 822 1298 846 tam
1316 809 1522 846 nefandum
1543 808 1685 844 facinus
1702 806 1750 842 ad

246 856 463 896 memoriam
484 853 808 904 posteritatemque
828 856 995 903 prodere.
1046 858 1136 894 Non
1157 857 1207 894 est
1224 857 1397 906 religioni
1408 870 1554 894 narrare
1569 857 1642 892 hoc
1661 856 1750 892 faci-

246 919 320 944 nus
338 903 448 942 Aelio
469 903 682 953 Lampridio
706 904 746 940 in
762 905 960 941 Antonino
982 907 1165 942 Caracalla
1185 907 1269 941 c.X.
1285 931 1296 948 ,
1328 918 1408 942 non
1424 906 1581 943 Aurelio
1606 904 1750 941 Vistori

248 956 296 992 de
313 952 527 991 Caesaribus
546 962 579 986 c.
592 952 739 995 XXXI„
768 962 846 989 non
857 953 1016 990 Eusebio
1037 955 1198 1003 denique
1214 967 1253 990 et
1273 953 1467 1002 Eutropio.
1516 954 1664 1001 Qibus
1685 953 1750 988 ali-

244 1003 313 1054 ·qui
331 1011 372 1039 ut
390 1001 500 1038 fidem
521 999 722 1055 derogent,
753 1001 968 1042 observant,
1006 1005 1050 1040 ab
1076 1003 1176 1041 hisce
1196 1003 1437 1050 scriptoribus
1452 1005 1630 1039 ’omnibus
1655 1001 1750 1037 male

246 1065 289 1090 ac
319 1061 511 1103 perperam
539 1050 671 1087 lunam
710 1050 785 1087 dici
825 1052 1028 1088 Caracalla'e
1063 1064 1260 1089 novercam
1274 1075 1284 1092 ,
1320 1063 1435 1099 quum
1470 1050 1585 1087 fuerit
1624 1062 1750 1086 mater.

235 1103 339 1148 ''Qo
354 1098 436 1147 ipso
457 1097 547 1134 mihi
568 1096 774 1137 caracallae
790 1099 908 1136 scelus
927 1112 1006 1137 non
1026 1112 1101 1138 tam
1121 1101 1288 1137 refellere
1303 1102 1482 1137 'videntur
1510 1110 1550 1136 et
1575 1109 1751 1146 coargu‘e-
1784 1111 1789 1134 ,³

247 1158 312 1191 re,
347 1160 457 1195 quam
478 1157 624 1193 augere.
675 1148 769 1190 Quis
786 1148 924 1190 nescit,
950 1151 1058 1186 rebus
1068 1163 1154 1186 vere
1172 1149 1274 1185 faffis
1297 1150 1404 1197 culpa
1425 1147 1651 1184 narrantium
1670 1147 1752 1184 sub»

246 1198 338 1238 inde
360 1194 548 1234 admisceri
572 1196 751 1251 quaedam
772 1210 790 1232 a
811 1211 902 1233 vero
920 1199 1061 1234 aliena?
1099 1199 1193 1235 Aliis
1211 1199 1272 1234 hic
1299 1197 1434 1244 placuit
1452 1207 1671 1247 argumento
1693 1194 1751 1232 uti

247 1245 400 1286 inficiali
412 1271 422 1289 ‚
455 1243 564 1280 duf'co
586 1245 653 1280 illo
669 1258 691 1281 a
712 1245 931 1293 scriptorum
945 1248 1110 1285 eiusdem
1128 1247 1258 1284 aetatis
1276 1246 1448 1294 silentio,
1478 1258 1520 1281 ac
1537 1244 1750 1293 praesertim

245 1293 469 1336 Herodiani.
521 1296 608 1341 Qo
627 1294 714 1330 loco
733 1307 813 1331 non
833 1307 997 1342 repetam
1017 1297 1079 1337 id,
1112 1297 1213 1345 quod
1231 1296 1303 1332 iam
1321 1295 1418 1336 dixi,
1454 1307 1587 1341 nempe
1608 1305 1689 1330 non
1709 1292 1750 1329 id
1773 1334 1777 1335 ⁷

246 1342 394 1384 consilii
411 1342 630 1379 Herodiano
649 1343 754 1379 fuisse
776 1343 816 1380 in
833 1345 1011 1382 tradenda
1029 1346 1081 1382 sui
1101 1345 1281 1393 temporis
1308 1343 1454 1380 historia
1467 1367 1477 1385 ,
1517 1355 1560 1380 ut
1588 1343 1748 1379 multum

248 1396 291 1433 in
315 1391 548 1430 recensendis
572 1390 784 1440 principum
809 1392 961 1439 impuris
989 1394 1137 1442 flagitiis
1162 1394 1388 1430 versaretur:
1424 1392 1518 1428 illud
1549 1404 1668 1429 unum
1690 1404 1752 1428 ur·-

249 1456 343 1494 geo,
376 1439 592 1478 nonvideri
612 1441 867 1477 Herodianum
883 1441 1064 1480 incestum
1083 1443 1188 1480 istum
1207 1443 1352 1489 prorsus
1366 1440 1523 1478 omififfe
1536 1465 1546 1482 ‚
1581 1441 1643 1477 sed
1661 1439 1754 1476 levi-

249 1505 308 1530 ter
324 1489 498 1538 transiisse
518 1491 782 1528 tantummodo
804 1502 844 1527 et
862 1491 1115 1538 perstrinxisse.
1164 1494 1313 1533 Quanta
1331 1491 1504 1527 dicacitas
1524 1491 1564 1526 in
1588 1489 1753 1526 Caracal·

250 1542 324 1578 lam
345 1539 457 1576 fuerit
474 1537 834 1581 Alexandrinorum,
861 1553 961 1576 nunc
981 1541 1014 1576 ei
1035 1541 1234 1578 fraternam
1255 1540 1402 1576 caedem
1415 1565 1425 1581 ‚
1457 1551 1560 1576 nunc
1578 1539 1752 1587 ineptum

251 1589 411 1628 Achiuis
431 1587 703 1635 Alexandri-que
722 1588 895 1625 imitandi
919 1588 1099 1630 studium.
1135 1588 1452 1636 exprobrantium,
1478 1601 1578 1625 nunc
1598 1598 1753 1624 matrem

249 1640 332 1677 eius
361 1636 531 1673 Iocastam
567 1637 856 1683 appellantium,
900 1638 1133 1674 Herodianus
1161 1640 1228 1680 IV,
1250 1651 1282 1683 9.
1309 1649 1441 1673 narrat.
1504 1639 1580 1673 Cur
1616 1636 1752 1683 quaeso

248 1685 493 1726 Alexandrini
513 1685 638 1721 Iuliam
658 1686 828 1722 Iocastam
849 1686 1104 1733 appellarunt?
1138 1687 1271 1724 Iocasta
1285 1711 1296 1728 ,
1323 1687 1469 1734 inquis,
1497 1687 1570 1722 duo
1591 1684 1687 1722 filios
1711 1685 1751 1721 in

249 1734 491 1773 concordiam
511 1733 688 1770 reducere
707 1746 786 1771 non
810 1734 932 1782 potuit
949 1735 1135 1772 Eteoclem
1152 1746 1190 1772 et
1209 1735 1427 1783 Polynicen.
1476 1738 1607 1781 Aeque
1621 1733 1754 1769 infelix

248 1784 341 1824 Iulia
364 1785 402 1820 in
414 1780 691 1819 reconciliando
704 1784 884 1821 Caracalla
902 1796 985 1820 cum
998 1785 1105 1822 Geta.
1158 1784 1338 1820 Concedo
1351 1807 1362 1824 ,
1390 1784 1575 1820 dicacibus
1586 1794 1626 1818 et
1638 1782 1769 1826 scom-¹

251 1845 395 1873 matum
415 1830 577 1867 studiofis
595 1831 678 1867 satis
699 1831 766 1868 effe
788 1831 832 1867 ad
854 1835 1136 1880 comparandam
1161 1833 1291 1869 Iuliam
1319 1843 1403 1868 cum
1424 1833 1557 1867 Iocasta
1585 1830 1771 1879 potuisse.j

250 1881 354 1933 quod
372 1889 499 1917 neutra
512 1880 771 1928 conglutinare
788 1880 946 1918 filiorum
960 1881 1199 1917 concordiam
1218 1882 1383 1928 potuerit
1400 1896 1407 1915 :
1436 1880 1495 1918 sed
1508 1891 1765 1926 unumquem·,

252 1944 329 1980 que
348 1941 472 1967 tamen
491 1928 581 1964 mihi
601 1929 714 1965 etiarn
738 1930 811 1965 hoc
831 1930 1001 1966 daturum
1021 1928 1183 1971 confido,
1205 1928 1542 1966 Alexandrinorum
1560 1928 1770 1966 disterimm

250 1980 371 2019 m'ulto
389 1977 507 2015 acrius
528 1988 566 2014 et
587 1977 631 2012 ad
651 1978 938 2025 exasperandum
966 1978 1132 2014 animum
1158 1978 1285 2025 suapte
1310 1989 1439 2014 natura
1461 1978 1605 2014 saevum
1635 1978 1765 2013 multu}

249 2026 566 2069 accommodatius
587 2025 716 2068 fuisse,
755 2026 778 2062 li
805 2027 896 2063 Iulia
922 2039 1001 2063 non
1025 2026 1140 2063 modo
1168 2029 1216 2063 ob
1236 2026 1363 2062 frustra
1381 2034 1565 2063 tentatam
1590 2024 1767 2068 filiorumi'

248 2074 614 2117 reconciliationem,
647 2086 777 2111 verum
798 2077 846 2111 ob
863 2075 1021 2112 incestos
1038 2074 1150 2111 etiam
1171 2087 1315 2112 amores
1332 2074 1464 2110 iocasta
1484 2074 1665 2121 appellata
1675 2069 1767 2119 exi-i

248 2127 462 2164 stimaretur.
525 2125 632 2161 Hanc
661 2125 851 2165 locastam,
891 2135 936 2160 ut
961 2135 1105 2160 norunt
1130 2135 1284 2165 omnes,
1321 2122 1490 2170 Oedipus
1515 2121 1615 2159 filius
1642 2122 1751 2159 duxit

247 2186 417 2213 uxorem.
463 2172 501 2208 Si
523 2175 594 2210 hoe
615 2171 720 2210 sensu
744 2173 873 2210 Iuliam
894 2174 1065 2209 Iocastam
1088 2172 1217 2209 diuam
1244 2171 1376 2214 sumn,
1406 2182 1487 2208 tum
1506 2184 1593 2208 vero
1613 2170 1752 2207 intelli-

249 2236 335 2274 ges,
367 2233 430 2258 cur
448 2221 521 2256 hoc
549 2220 739 2259 &Cierium
757 2230 877 2269 usque
897 2220 988 2257 adeo
1018 2221 1221 2269 pupugerit
1240 2226 1463 2268 tyrannum,
1496 2221 1650 2267 eiusque
1679 2219 1758 2256 irasv

246 2269 512 2310 stimulaverit,
547 2280 590 2307 ut
606 2282 845 2307 convocatam
865 2269 905 2306 in
924 2280 1094 2317 campum
1112 2269 1316 2306 univerfam
1336 2269 1671 2306 Alexandrinorum
1690 2267 1758 2305 iti--

247 2330 466 2360 ventutern,
511 2319 752 2368 exercituque
780 2318 1064 2359 circumdatam,
1101 2331 1144 2355 ex
1175 2317 1397 2365 improviso,
1438 2316 1608 2355 horribili
1636 2318 1750 2365 strage

247 2368 538 2408 contrucidaret.
603 2368 699 2405 Nam
734 2367 880 2415 asperae
906 2366 1083 2408 facetiae,
1123 2366 1188 2402 ubi
1216 2368 1376 2404 multum
1405 2379 1447 2404 ex
1473 2379 1561 2404 vero
1589 2376 1748 2410 traxere,

248 2431 370 2456 acrem
390 2416 442 2453 sui
464 2417 678 2453 memoriam
697 2415 934 2465 relinquunt,
964 2426 1008 2453 ut
1026 2415 1077 2451 ait
1095 2415 1250 2453 Tacitus
1266 2418 1310 2452 A.
1323 2417 1406 2458 XV,
1428 2420 1487 2458 68.
1540 2414 1613 2453 Cui
1624 2416 1747 2452 Hero-

248 2467 379 2505 dianus
399 2463 586 2506 consentit
608 2465 686 2512 ipse
706 2466 769 2508 IV,
790 2479 822 2512 9,
842 2478 877 2512 4.
1723 2468 1728 2479 ³

346 2513 500 2551 Interim
529 2513 618 2550 licet
645 2513 727 2555 ista,
760 2514 848 2551 licet
874 2512 948 2549 istis
976 2512 1102 2550 similia
1133 2513 1270 2555 multa,
1313 2513 1356 2550 ab
1378 2513 1592 2551 Herodiano
1622 2511 1745 2551 omisl‘a

245 2564 514 2604 concedamus,
545 2562 733 2598 neminem
756 2574 876 2599 tamen
898 2562 977 2599 fore
995 2561 1197 2603 credimus,
1232 2560 1299 2609 qui
1320 2563 1398 2599 iure
1417 2562 1520 2610 queri
1539 2561 1664 2609 po'ssit,
1698 2563 1744 2599 ab

246 2615 328 2652 eius
346 2611 492 2649 historia
508 2623 588 2646 eam
611 2611 727 2647 abess'e
746 2609 1014 2648 iucunditatem
1027 2636 1038 2651 ‚
1075 2621 1166 2658 quae
1188 2623 1207 2646 a
1227 2621 1349 2646 rerum
1368 2612 1602 2648 dicendarum
1620 2610 1743 2658 copia.

244 2662 422 2700 varietate
442 2671 480 2697 et
498 2658 667 2696 novitate
680 2684 690 2700 ,
724 2660 820 2696 nasci
838 2660 944 2698 solet.
996 2661 1103 2707 Qiot
1120 2659 1252 2707 quaeso
1269 2661 1417 2707 oppida,
1444 2669 1537 2708 quot
1556 2660 1742 2709 regiones*¹

245 2723 340 2760 quot
359 2709 493 2749 itinera
510 2707 706 2746 describit?
742 2709 850 2752 Quot
869 2719 1054 2758 quamque
1073 2707 1228 2746 diversas
1248 2708 1486 2758 imperiorum
1505 2707 1701 2748 succeffion
