1798 3163
136 128 305 174 LIBER
323 128 357 172 Ι.
402 126 526 173 CAP.
546 126 621 170 lv.
665 125 721 170 A.
737 125 792 170 V.
813 124 860 169 C.
885 134 995 183 933.
1033 123 1170 177 QHR.
1189 122 1253 170 N.
1280 123 1385 179 180.
1454 137 1547 186 ης

9 239 15 248 ’
42 241 304 308 τασχὸντοις
344 242 466 298 ‘revolt
496 244 641 292 αὐτῶν
662 253 680 276 c
715 246 772 296 εἰς
809 255 931 303 rant,
966 255 1174 310 utneque
1193 246 1553 295 continereseva·

1 315 227 389 ῐῡοῐμωγῆν
271 320 534 383 dms-loiffen.
626 318 646 366 ὁ
699 318 775 384 μὲν
819 329 898 373 18.
937 321 1265 385 lentesquidam
1283 339 1554 370 eorumcum

0 405 18 435 ²*
43 395 134 458 οὖν,
199 395 348 452 νυκτός
389 416 442 444 τε
487 394 564 443 καὶ
613 393 774 464 ἧμέςας
811 401 973 446 eiulatu
990 399 1295 446 exclamarent.
1364 399 1444 446 Ille
1456 400 1553 464 qui·-

131 511 161 548 c)
190 509 256 541 ΜΞ.
285 507 338 538 Ba.
356 507 452 538 αὖτόν
468 509 550 541 τινὲς
569 508 609 541 εἷς
625 513 656 540 λ.
669 524 680 541 ,
701 514 736 536 v-
757 503 803 538 N.

0 581 12 622 l·
43 595 192 643 dentur·
205 594 274 632 esse
291 608 313 633 e
332 593 440 644 glossa
453 621 463 638 ‚
491 607 565 645 qua
585 593 700 632 reftio
719 593 937 638 adiuvatur,
966 603 1010 631 ut
1021 608 1054 630 v.
1079 608 1155 632 κατ.
1173 604 1252 632 non
1280 593 1349 630 stet
1365 592 1552 636 absolute.

0 644 12 670 '⁴
41 645 299 682 subaudiendo
324 658 432 692 pron.
453 645 564 682 αὑτῶν
586 643 611 679 s.
631 643 781 685 αὖτοιὶς,
817 644 878 679 sed
907 647 1040 682 habeat
1066 657 1148 693 gen.
1170 643 1264 691 pers.
1285 645 1416 686 αὗτῶν,
1449 641 1552 679 haud

0 696 6 721 ὅ
41 693 160 731 'dubie
181 707 248 742 pro
270 693 346 730 αὗτ.
367 707 433 741 per
453 697 642 741 asperum,
675 707 696 730 e
726 693 890 742 legitima
918 694 1062 731 ratione
1082 693 1122 730 in
1142 706 1174 729 v.
1189 718 1200 735 ‚
1234 692 1366 741 agendi
1390 693 1467 728 vim
1496 703 1556 729 te-

0 754 7 762 ·
42 755 181 789 nente3
206 744 266 781 sed
290 755 332 779 ut
356 745 414 780 ista
427 744 500 781 Ms.
519 743 628 780 leffio
648 743 770 791 primo
795 755 871 778 non
891 743 933 778 fit
954 741 1002 780 ita
1025 743 1187 791 elegans,
1210 754 1256 779 ut
1271 743 1434 790 vulgata,
1455 753 1554 787 quae

0 792 8 818 '·
43 793 205 837 laevior,
234 793 391 833 deinde,
419 792 445 828 fi
465 793 547 841 quis
568 805 603 828 v,
623 793 722 828 nolit
741 792 972 832 absolutum.
999 793 1162 839 reperiat
1183 792 1241 828 vel
1260 791 1302 828 in
1318 794 1419 841 vulg.
1443 792 1553 828 illum

0 845 8 858 '
43 841 189 884 casum,
215 841 378 878 referens
398 855 524 879 mente
547 843 655 879 αὐτῶν
673 843 715 878 ad
738 853 771 875 v.
792 857 893 883 aar,
929 853 967 878 et
996 841 1145 888 capiens
1172 853 1238 887 pro
1258 840 1388 883 αὑτοῖν,
1423 841 1470 878 de
1491 840 1551 875 so-

43 892 148 940 lenni
167 891 368 931 varietate3
403 902 552 929 tacente
574 893 634 933 Ρ.,
666 891 724 928 sed
745 894 806 939 Eg.
835 902 990 938 regente
1016 891 1113 938 vulg.
1137 893 1213 926 αὐτ.
1239 903 1319 927 non
1342 889 1386 926 ad
1404 903 1436 926 ν.
1459 905 1552 931 zar..

0 945 5 954 '
44 942 106 981 sed
127 940 170 976 ad
191 940 359 981 vicinum
380 954 486 988 pron.
509 958 595 982 τιν.,
632 951 819 987 practerea
851 941 895 974 ad
923 953 954 974 ν.
974 956 1047 977 κατ.
1072 940 1308 985 exprimente
1337 938 1554 987 suppletum

0 998 4 1010 '
45 992 168 1033 casum
187 989 288 1026 verbi
312 991 534 1027 alterutrum
557 990 647 1035 pers.
665 989 773 1026 αὑτῶν
795 987 820 1025 s.
841 987 963 1030 αὖτοδς
977 1014 988 1031 ,
1022 988 1187 1034 denique
1206 985 1407 1024 adiuvante
1427 1000 1462 1023 v.
1483 989 1554 1024 Gr.

0 1052 2 1060 ’
46 1052 114 1090 per
131 1040 209 1076 Lar.
233 1040 377 1081 valere,
404 1050 472 1087 pro
491 1038 611 1086 posse,
645 1048 690 1074 ut
712 1039 824 1073 Vern.
846 1048 946 1079 vet.‚
983 1037 1085 1073 unde
1113 1038 1179 1074 Gr.
1213 1035 1384 1084 particip.
1415 1038 1456 1073 in
1479 1036 1553 1072 inf.

46 1088 267 1130 mutandum
287 1099 386 1130 erat,
413 1098 456 1124 ut
475 1105 510 1132 μ.
531 1087 630 1123 haud
651 1086 775 1128 dubie,
809 1099 893 1122 cum
913 1087 1032 1124 solum
1053 1086 1134 1128 stet,
1157 1085 1321 1123 sumtum
1332 1098 1400 1133 pro
1411 1099 1458 1123 ne
1471 1084 1557 1134 qui-

45 1132 153 1180 Bem,
181 1149 268 1173 cum
286 1137 394 1183 Sch„
422 1136 487 1184 qui
508 1135 584 1173 sine
606 1137 670 1172 Vs.
697 1136 736 1172 in
761 1152 848 1178 ,,τιν.,
872 1148 953 1172 cum
976 1148 1059 1184 gen.
1079 1140 1208 1183 (quem
1226 1135 1359 1177 casum,
1386 1135 1556 1184 hicassg.

44 1187 172 1226 severe
192 1185 470 1232 conservatum,
497 1199 516 1222 a
538 1184 742 1233 partitione
762 1185 903 1232 repetit
923 1185 1013 1221 Pois.
1031 1189 1136 1233 Synt.
1158 1195 1262 1232 p.43.
1276 1198 1330 1227 e.,
1355 1186 1417 1221 sed
1429 1185 1490 1220 alii
1505 1185 1553 1220 ab

43 1234 162 1284 enipfi
182 1247 236 1282 pr.
258 1239 318 1276 ἐκ,
345 1237 432 1278 rel.‚
468 1247 545 1284 quo
574 1235 620 1271 de
646 1235 764 1277 infra,
798 1234 1010 1270 tacentibus
1032 1235 1080 1270 G.
1103 1233 1175 1270 Th.
1198 1247 1237 1271 et
1252 1236 1357 1270 ·Hor.
1378 1234 1482 1271 Turs.
1513 1245 1554 1281 p.

45 1290 128 1334 896.
149 1285 217 1322 Nr.
233 1298 289 1330 4..
318 1283 379 1322 sed
399 1283 618 1322 tenentibus
642 1285 783 1333 quidam
804 1297 889 1321 cum
918 1297 972 1331 pr.
994 1287 1035 1320 de
1058 1295 1096 1320 et
1112 1296 1178 1325 ex,
1205 1286 1306 1332 quod
1332 1293 1372 1320 et
1390 1295 1448 1331 ap.
1467 1284 1555 1325 Gn,

43 1335 106 1372 sed
127 1334 185 1380 in)
202 1338 304 1380 ἂναβ.
324 1335 490 1371 cohibitas
509 1335 533 1371 s.
552 1334 746 1371 comantes
766 1334 800 1371 se
813 1335 1037 1371 exclamare“
1061 1345 1146 1369 cum
1159 1335 1222 1381 Bg.
1241 1333 1416 1380 supplens
1430 1332 1555 1369 casum

41 1385 149 1423 illum
170 1383 333 1430 aliquem
352 1396 461 1431 pron.
481 1384 636 1430 recipr„
663 1395 698 1421 et
713 1385 784 1420 boc
801 1396 885 1420 cum
903 1383 968 1424 ast,
990 1394 1139 1419 mutans
1157 1384 1197 1420 in
1219 1382 1302 1429 pals.
1319 1408 1329 1423 ,
1358 1393 1402 1418 ut
1422 1381 1552 1420 Leisn.

43 1435 88 1472 ad
109 1447 155 1469 m.
178 1433 251 1469 Ms.
276 1435 337 1481 Eg.
361 1432 511 1470 resolvit
531 1433 600 1469 inf.
626 1434 662 1469 in
684 1433 903 1481 particulam
923 1445 1008 1482 neg.
1043 1444 1113 1476 „ut
1131 1445 1240 1479 neque
1263 1428 1556 1480 temperarefihi

42 1482 210 1534 possent,
231 1483 317 1528 quin
339 1483 588 1521 lamentantes
607 1485 882 1520 exclarnarent“
907 1481 954 1518 cf.
972 1496 1004 1518 v.
1025 1500 1055 1520 κ.
1072 1482 1263 1523 absolute,
1289 1492 1334 1518 ut
1351 1482 1434 1523 hic,
1457 1479 1555 1529 poli-

43 1545 125 1571 tum
146 1544 204 1579 ap.
227 1533 314 1567 Luc.
336 1543 370 1573 α,
392 1536 475 1576 6ι9,
496 1533 518 1567 l.
535 1544 591 1576 57.
620 1537 662 1575 ὡς
683 1531 764 1569 εἶδεν
784 1536 820 1568 οὗ
840 1539 1034 1577 κατέχοντα
1048 1558 1058 1573 ,
1096 1544 1180 1567 cum
1201 1531 1363 1573 videret,
1398 1544 1458 1567 me
1480 1543 1552 1569 non

43 1581 117 1619 iam
137 1581 336 1622 continere,
373 1580 434 1618 sed
455 1594 514 1629 ap.
536 1582 618 1629 Stp.
644 1582 716 1619 Th.
735 1595 765 1622 ι,
791 1594 891 1627 ¹³45-
910 1585 953 1618 A.
971 1597 1001 1618 e.
1023 1583 1087 1619 sub
1110 1585 1170 1629 Hg-
1195 1582 1272 1617 Lat.
1293 1591 1378 1617 cum
1400 1593 1475 1617 acc.
1495 1579 1552 1616 rei

42 1631 192 1676 „ThuC.
223 1629 245 1668 l.
270 1643 297 1667 1.
332 1632 385 1676 (r,
410 1641 492 1678 130.
525 1643 560 1679 p.
584 1641 642 1678 84.
669 1633 693 1668 l.
715 1639 772 1674 81.
802 1631 877 1669 fine
906 1631 1012 1674 lnd.)
1042 1638 1203 1675 κατέχειν
1233 1630 1292 1673 τὴν
1322 1635 1464 1668 διάνοιαν
1493 1633 1553 1667 οὐκ

45 1676 201 1723 ἐδύνατο.
219 1700 258 1707 ·—
283 1681 355 1716 Sed
376 1680 610 1718 Herodianus
628 1694 707 1718 non
729 1681 845 1717 solum
863 1687 1022 1728 >zm-§xm
1041 1679 1186 1721 ἔαυτόν,
1224 1691 1357 1716 verum
1377 1679 1490 1717 etiam
1521 1696 1553 1716 κ.

46 1730 170 1768 ἑαυτοῦ
189 1727 302 1771 dicit,
337 1743 406 1776 pro
433 1731 467 1766 se
496 1731 716 1771 continere,
756 1729 816 1766 tibi
847 1736 1083 1777 temperare“
1111 1729 1187 1766 fine
1206 1730 1283 1766 ullo
1307 1730 1393 1766 loco
1413 1727 1555 1772 Nostri,

46 1791 103 1826 ap.
123 1789 233 1824 quem
254 1777 336 1813 sane
354 1777 401 1814 fic
420 1779 546 1816 haberi
561 1804 571 1818 ‚
604 1779 718 1816 docet
739 1780 838 1819 lnd..
862 1792 907 1817 ut
929 1791 1117 1827 practerea
1137 1792 1221 1815 cum
1244 1791 1316 1816 acc.
1334 1779 1427 1827 pers.
1445 1790 1554 1824 pron.

47 1839 103 1873 ap.
126 1827 213 1863 Luc.
234 1837 363 1872 22312-
386 1828 407 1864 Ι.
423 1841 478 1871 52.
504 1824 583 1865 τὸτε
601 1833 669 1874 72³?
691 1831 764 1866 οῦδὲ
784 1835 941 1874 κατέχειν
962 1828 1103 1870 {aur-012:
1124 1836 1154 1865 οἱ
1173 1825 1344 1875 ἅνθρωποι
1363 1827 1420 1874 ὑφ’
1441 1827 1554 1871 {Bor-tie

46 1872 225 1915 δύναιντ-ον»
252 1885 344 1910 tunc
365 1877 455 1914 enim
476 1889 522 1912 ne
544 1879 724 1913 continere
743 1879 894 1925 quidem
905 1877 946 1926 se
965 1879 1115 1925 possunt
1131 1888 1220 1926 prae
1240 1879 1376 1927 gaudio
1386 1878 1555 1916 homines,

47 1924 162 1962 etiam
181 1936 265 1959 cum
285 1936 368 1972 neg.
383 1951 393 1966 ,
431 1925 571 1961 nostrae
589 1925 690 1975 syn.,
733 1927 776 1962 ad
800 1927 938 1962 sensum
958 1928 1073 1962 statim
1095 1940 1113 1962 a
1133 1930 1198 1964 Gs.
1218 1926 1412 1969 conversa,
1448 1924 1556 1963 deni-

0 1994 1 2001 1
45 1985 122 2022 que
142 1984 225 2008 cum
246 1984 328 2021 gen.
347 1974 423 2013 rei,
451 1975 643 2021 pendente
659 1975 813 2012 fortaffis
834 1989 853 2013 e
879 1988 999 2022 praep.
1029 1976 1067 2011 in
1083 1990 1116 2014 v.
1131 2002 1142 2018 ,
1169 1989 1222 2023 ap.
1245 1976 1348 2012 Suid.
1361 1988 1396 2018 2,
1407 1979 1489 2012 266.
1502 1987 1555 2012 m.

47 2030 102 2060 καὶ
123 2024 160 2058 οὗ
180 2023 366 2067 κατασχὼν
387 2033 447 2066 τῆς
468 2027 605 2070 χαρᾶς,
642 2037 723 2060 cum
755 2035 871 2060 autem
901 2025 1076 2073 gaudium
1107 2026 1287 2061 continere
1314 2039 1394 2061 non
1417 2024 1555 2074 poffim‚

47 2072 182 2108 iterum
205 2070 358 2110 assumto
378 2086 412 2109 ν.
434 2076 495 2121 ljg.
518 2072 696 2115 auxiliari,
723 2073 824 2121 quod
843 2087 911 2110 nec
934 2074 1074 2111 summe
1088 2073 1339 2117 neceffarium,
1366 2087 1437 2110 nec
1451 2087 1556 2110 com-

45 2122 202 2158 modum
222 2133 334 2165 tune,
370 2122 433 2157 ubi
453 2122 612 2164 diserte,
637 2134 678 2160 ut
697 2123 801 2169 supra
823 2137 879 2170 ap.
904 2124 1048 2163 Thuc..
1075 2122 1219 2166 ἠδύνατο
1239 2123 1475 2165 adiunstum.
1510 2133 1556 2161 ut

45 2181 198 2211 contra,
232 2170 295 2206 ubi
324 2171 486 2208 absolute
517 2171 694 2219 ponitur,
726 2185 796 2208 nec
818 2173 968 2214 addito,
1005 2184 1046 2209 ut
1074 2186 1128 2220 ap.
1152 2176 1238 2208 Luc.
1259 2184 1299 2210 et
1319 2173 1421 2210 Suid.
1452 2185 1555 2216 ante,

47 2217 197 2256 affectus
215 2231 373 2267 genere,
411 2221 554 2266 semper
572 2235 592 2257 e
608 2234 790 2260 contextu
811 2221 1089 2262 definiendum,
1126 2234 1203 2272 quo
1233 2222 1278 2258 de
1306 2223 1417 2258 animi
1445 2235 1555 2261 motu

45 2268 185 2317 valeat,
221 2278 265 2305 ut
284 2269 321 2306 h.
341 2268 424 2318 l.se
452 2283 530 2306 non
558 2272 738 2307 continere
770 2271 838 2314 est,
870 2273 1038 2308 dolorem
1062 2272 1166 2308 suum
1195 2285 1270 2308 non
1292 2272 1490 2310 continere
1515 2283 1556 2310 et

46 2318 281 2363 opprimere,
315 2329 359 2355 ut
377 2321 411 2355 Ρ.
435 2320 532 2356 recle
553 2320 761 2362 intellexit,
787 2334 866 2358 non
891 2321 982 2358 item
1003 2323 1099 2358 recle
1122 2321 1160 2357 in
1180 2323 1242 2358 Vs.
1262 2321 1395 2358 intulit
1412 2321 1531 2359 statim
1541 2335 1561 2366 ς-

43 2366 244 2403 formulam
263 2368 324 2415 Bg.
347 2380 501 2406 tenente
523 2371 569 2406 G.
597 2371 669 2408 Th.
692 2384 776 2407 cum
800 2372 865 2408 Gr.
885 2384 919 2407 n.
941 2370 1015 2407 {ine
1038 2371 1171 2417 explic.

92 2420 136 2458 εἷς
157 2423 242 2459 οἷμ.)
268 2417 339 2453 Pro
365 2425 486 2465 μέχρις
515 2426 558 2461 εἰς
585 2425 674 2465 ‘’ffb-2
711 2420 776 2456 nili
796 2421 847 2456 ita
867 2420 1014 2466 scripsit.
1037 2421 1153 2466 See-pb.
1202 2422 1339 2469 Neque
1359 2415 1558 2472 'corrigen-

44 2463 136 2522 §um
155 2465 246 2506 else.
273 2479 398 2514 neque
418 2468 463 2503 fic
485 2468 797 2517 intelligendum,
839 2472 1064 2517 (quanquam
1094 2469 1141 2505 fic
1161 2481 1200 2506 et
1221 2472 1449 2508 intellexerit
1469 2473 1556 2510 Sch.

42 2526 82 2551 m
108 2521 181 2557 „etc
197 2541 206 2556 ,
221 2518 282 2566 *ad
299 2529 416 2565 usque
439 2517 652 2562 eiusatum‘q
672 2520 733 2556 sed
751 2531 837 2556 cum
859 2522 919 2567 ng.
934 2546 944 2562 ,
970 2520 1123 2555 docebit
1143 2520 1225 2556 Exc.
1239 2547 1250 2563 ,
1289 2532 1334 2557 ut
1350 2520 1397 2558 de
1418 2524 1480 2571 Bg.
1512 2521 1556 2561 in

45 2563 95 2611 sq.
118 2570 178 2607 μὲν
194 2568 251 2619 ρὺν
272 2565 320 2601 cf.
349 2579 379 2606 ι,
401 2581 434 2608 2,
453 2579 508 2609 9.,
544 2581 623 2604 non
645 2581 665 2602 e
687 2570 746 2611 Ρ.,
779 2580 904 2605 tamen
927 2569 963 2604 in
984 2568 1022 2610 ὅ,
1052 2581 1120 2616 pro
1145 2565 1242 2613 οἶτος
1274 2571 1299 2607 s.
1319 2572 1450 2614 αὐτ-ὃς,
1485 2570 1556 2609 ubi

42 2613 125 2649 Sch.
154 2617 286 2663 „laepe
305 2628 386 2651 cum
408 2616 612 2665 participiis
638 2628 676 2653 et
693 2617 1022 2655 coniunctionibus
1043 2625 1104 2664 μὲν
1123 2630 1162 2655 et
1183 2623 1242 2660 δὲ,
1289 2631 1327 2656 et
1347 2620 1468 2669 signif.
1491 2622 1555 2658 ille

42 2664 203 2711 quidem,
223 2685 263 2696 «-
288 2677 324 2701 at
342 2666 428 2701 ille‘·
466 2678 628 2713 quorum
649 2667 742 2705 illud
763 2669 809 2704 de
823 2669 1021 2717 partisipp.
1053 2672 1103 2704 est
1121 2669 1333 2716 angustius,
1371 2683 1438 2717 pro
1465 2682 1555 2708 curn

42 2713 164 2767 verbis
182 2713 352 2750 universe
366 2739 377 2756 ‚
406 2715 457 2752 cf.
475 2716 517 2752 Ζ.
537 2718 581 2753 ad
606 2717 689 2765 Vig.
716 2730 753 2766 p.
772 2730 825 2755 10.
846 2717 870 2753 i.
893 2727 931 2754 et
949 2718 1029 2754 lnd.
1047 2718 1139 2757 Xen.
1158 2719 1444 2771 Cyt.Ael.V.h.
1463 2731 1499 2758 ν.
1517 2730 1555 2758 e.

42 2760 159 2800 Fisch.
177 2763 312 2801 Aesch.
329 2775 368 2802 et
388 2765 463 2804 Pal.
484 2777 571 2805 cum
588 2767 632 2806 1..
651 2767 701 2806 N.
725 2768 767 2805 Γ.
789 2767 878 2808 Krb.
904 2780 942 2817 p.
957 2778 1032 2815 4²5·
1050 2780 1081 2806 e.
