1772 3158
186 70 290 129 796
599 71 895 127 EXCVRSVS
933 60 1015 119 Ab
1052 75 1198 121 LIBR.
1239 76 1273 120 1.

177 197 200 221 e
223 193 293 231 qua
313 189 352 216 et
370 180 554 229 reliquae,
588 180 626 218 in
637 183 744 220 Lexx.
757 183 1016 228 reperiendae,
1044 183 1198 221 derivari
1222 184 1370 232 possunt
1384 187 1430 223 ad
1447 187 1544 224 hanc
1561 187 1682 224 ratio«
1761 206 1771 232 ῃ

178 244 264 269 nem
283 241 323 266 ac
343 230 459 284 velqti
478 230 618 267 seriem.
671 232 727 268 Sit
747 232 846 269 enim
867 233 1035 269 universe
1055 235 1131 270 Lat.
1151 246 1223 270 mos
1242 247 1281 271 et
1297 234 1514 281 consuetudo.
1540 237 1599 273 sed
1615 244 1682 276 'n-
1764 257 1772 279 (

177 279 233 317 rio
253 277 377 318 sensu,
410 291 452 314 rt.
471 276 535 323 ἔθη
557 282 632 318 Lat.
653 293 785 322 mores,
821 292 901 317 tum
922 282 966 318 de
992 281 1229 324 hominibus,
1265 284 1387 331 quoad
1415 285 1473 320 vei
1496 284 1676 327 animum.
1765 306 1772 329 χ

176 329 236 364 vel
256 338 386 380 corpus
409 327 561 375 eiusque
583 330 677 364 adeo
702 342 840 375 partem
861 329 1032 377 aliquam,
1061 332 1175 368 veluti
1195 331 1270 367 oris
1291 345 1332 367 ac
1351 335 1499 372 vuitus.
1526 346 1605 371 tum
1627 334 1676 373 de
1767 346 1772 375 ι

178 376 443 417 animantibus,
476 389 508 410 v.
531 389 562 412 c.
583 389 703 423 equo,
739 389 801 415 aut
819 379 864 415 de
883 379 962 415 aliis
980 378 1111 421 rebusj
1144 392 1318 428 tanquam
1339 381 1385 418 de
1404 381 1522 424 febri,
1564 383 1603 418 it.
1629 384 1675 420 de

176 426 329 462 civitate
346 434 385 460 et
402 425 578 462 institutis
599 427 769 463 oivilibus
783 452 791 467 ‚
818 428 1012 476 rebusque.
1038 442 1136 465 more
1158 428 1316 476 receptis
1336 440 1374 469 et
1396 430 1594 469 observatis
1616 430 1671 467 in·
1770 455 1772 470 ⁴

174 475 221 510 de
239 487 259 509 a
278 473 395 509 multo
418 484 597 526 tempore.
650 477 750 511 fflnc
773 477 939 517 deloco,
967 477 1005 513 in
1028 490 1102 524 quo
1120 478 1208 526 quid
1231 478 1326 515 solet
1348 478 1370 514 s.
1392 479 1587 517 consuevit
1606 480 1675 516 esse

175 535 216 558 ac
234 534 476 565 commorari,
510 534 553 559 ut
572 525 617 560 de
637 524 853 562 hominibus
877 539 943 572 pro
965 527 1078 573 patria
1096 526 1121 562 s.
1143 526 1353 568 domicilio,
1377 527 1437 564 sed
1453 528 1500 564 de
1520 529 1676 564 amanti·-

176 573 245 608 bus
269 584 335 619 pro
355 570 487 610 lustro.
522 571 562 607 it.
585 573 742 618 pascuis,
777 575 935 619 campis,
971 575 1102 621 pratis,
1128 575 1260 623 sylvis,
1296 575 1469 618 saltibus,
1505 575 1545 613 it.
1566 576 1674 618 nido,
1770 607 1772 622 2

174 624 288 671 porro
317 619 364 656 de
381 620 491 656 rebus
520 620 620 662 aliis,
660 635 702 658 ut
743 622 789 659 de
814 624 890 661 sole
918 634 956 659 et
986 623 1071 658 loco
1107 624 1185 662 eius
1215 625 1414 667 consueto,
1450 624 1514 661 ubi
1542 625 1679 665 oritur.
1769 643 1772 665 ι

174 669 352 714 Denique
374 669 477 705 sensu
497 670 683 706 rhetorico
704 672 862 720 primum
884 672 960 709 Lat.
979 685 1111 715 mores,
1146 684 1190 710 ut
1212 672 1445 711 definivimus
1461 673 1504 711 ad
1521 686 1551 714 ι,
1568 686 1602 713 2..
1624 682 1672 718 3.;
1765 685 1772 720 ι

174 719 221 754 de
248 728 333 753 toto
361 717 526 754 hominis
554 719 706 762 animo,
743 733 865 757 mente
890 734 930 757 ac
954 723 1167 762 voluntate,
1202 735 1269 769 pro
1297 723 1363 765 iis.
1400 734 1492 770 quae
1513 722 1564 758 ibi
1587 722 1674 762 sunt
1766 744 1772 767 t

171 767 315 805 fiuntve
335 779 400 813 per
421 767 730 805 consuetudinem
759 770 942 818 aliquam,
976 769 1023 807 cf.
1047 770 1082 806 L.
1107 772 1211 812 Em„
1246 772 1382 809 deinde
1400 784 1490 808 vero
1523 771 1569 807 de
1598 771 1673 809 sola

173 819 393 869 voluntate,
425 828 495 853 nec
514 826 657 860 tantum
681 819 727 855 de
747 818 924 856 univerfis
941 818 1017 855 iuis
1047 819 1205 855 motibus
1233 830 1272 856 et
1300 819 1509 862 affeffibus,
1545 819 1606 856 ied
1633 829 1674 860 et

173 864 361 911 angustum
380 864 426 900 de
445 865 592 901 lenibus
615 868 728 903 modo
746 880 785 902 ac
803 869 1022 909 moderatis;
1056 870 1156 904 unde
1178 864 1259 912 ἧᾶος
1279 868 1329 904 dr.
1349 867 1481 905 lenitas
1495 892 1506 908 .
1544 867 1676 905 mode-

169 914 265 950 ratio
279 937 289 953 ‚
328 914 498 950 modestia
512 938 522 952 .
552 914 662 951 etiam
681 927 780 953 extra
800 916 990 953 rhetorum
1009 916 1160 955 scholas,
1184 928 1223 952 et
1244 918 1412 954 omnium
1432 917 1587 953 aliorum
1606 918 1676 952 ho·

171 963 339 1003 'minua-¹,
366 974 436 997 nec
459 973 602 999 tantum
625 965 736 1001 animi
759 965 819 1000 issa
841 966 1007 1007 interna,
1031 965 1094 1002 sed
1114 966 1225 1002 etiam
1245 977 1419 1009 externa,
1445 964 1674 1006 nominatim

170 1010 274 1047 vocis
295 1022 333 1046 et
351 1010 551 1054 orationis;
581 1025 791 1061 quanquam
804 1015 893 1051 haec
905 1014 1013 1051 notio
1035 1026 1186 1063 quoque
1204 1013 1318 1051 fuerit
1340 1026 1420 1050 orta
1435 1015 1533 1055 hinc,
1554 1014 1673 1062 quoda

168 1060 262 1098 ficut
283 1057 427 1114 rqo'aeoc.
466 1058 513 1095 cf.
533 1062 613 1097 Ind.
632 1062 746 1099 Fisch.
769 1063 841 1099 1²21.
856 1088 867 1104 ‚
900 1062 951 1099 ita
973 1060 1053 1105 ἔθος
1074 1066 1119 1100 de
1140 1074 1244 1101 cetto
1262 1075 1410 1100 tantum
1430 1075 1566 1112 genere
1594 1075 1675 1099 mo-

169 1122 250 1147 rum
272 1109 499 1157 vrrtutisque
518 1111 744 1152 sumeretur,
780 1111 829 1147 cf.
850 1124 918 1159 pro
938 1124 1042 1149 more
1063 1111 1086 1147 fi
1108 1111 1271 1151 moribus
1293 1113 1366 1149 inis
1385 1110 1563 1149 universis
1583 1121 1673 1151 ante

168 1156 359 1199 laudatos,
384 1157 447 1194 sed
463 1157 509 1194 de
528 1159 675 1199 ratione
696 1161 770 1197 oris
789 1173 832 1196 ac
851 1162 974 1198 vultus
992 1161 1072 1199 Iud.
1090 1161 1312 1198 Fischffhe.
1331 1172 1414 1198 cum
1428 1160 1507 1197 Cas.
1526 1173 1560 1208 p.
1575 1163 1674 1203 106..

167 1207 216 1244 de
235 1206 396 1244 civitatis
415 1208 600 1250 moribus,
629 1222 772 1256 praeter
790 1211 868 1257 Stp.
886 1209 909 1245 1.
929 1210 953 1246 1.
967 1233 979 1250 ‚
1005 1222 1158 1258 quoque
1170 1210 1308 1246 Thom.
1324 1212 1374 1247 M.
1393 1221 1525 1258 p.417.
1543 1209 1674 1248 etlnd.

163 1256 298 1296 nem..
332 1268 401 1303 pro
421 1256 506 1293 loeo
528 1256 666 1295 solito,
694 1269 837 1305 praeter
860 1259 939 1304 Stp.
956 1258 979 1296 l.
999 1259 1044 1301 1.,
1070 1260 1182 1296 etiarn
1203 1257 1306 1296 said.
1330 1271 1360 1299 1.
1385 1259 1503 1303 771.i.
1526 1269 1560 1300 2,
1571 1257 1670 1304 49.i.

163 1304 254 1342 Hes.
278 1316 310 1344 ι.
335 1308 440 1340 ι6ιῐ.
462 1305 485 1340 i.
510 1308 675 1348 cumN.,
702 1308 870 1354 Greg.de
882 1307 965 1342 dial.
987 1321 1021 1354 ρ.
1037 1312 1110 1352 236.
1125 1308 1147 1343 i.
1164 1320 1247 1343 cum
1267 1308 1334 1349 N.,
1361 1308 1441 1344 Ind.
1454 1309 1567 1344 Hom.
1584 1307 1670 1346 Ern.

165 1352 326 1391 Herodt.
351 1353 435 1393 Aei.
457 1355 503 1389 V.
523 1354 560 1389 h.
590 1356 732 1397 D'Orv,
752 1356 819 1396 Ch.
849 1368 884 1403 p.
907 1364 990 1400 753.
1028 1357 1082 1392 CI.
1112 1356 1157 1393 ad
1183 1358 1298 1393 Hom.
1321 1357 1390 1393 Ὀδ.
1408 1353 1453 1402 ξ’,
1471 1368 1555 1400 4¹1·
1584 1357 1668 1392 Ern.

164 1402 259 1439 call.
278 1402 365 1438 Del.
389 1415 423 1438 v.
451 1414 554 1447 297„
587 1405 632 1439 ad
660 1406 749 1441 Plat.
780 1404 913 1440 Phaed.
941 1404 1052 1440 Fisch.
1074 1418 1107 1452 p.
1130 1415 1213 1450 2¹3·
1232 1418 1262 1440 a.
1283 1406 1332 1441 N.
1361 1406 1481 1441 Gottl.
1505 1416 1610 1451 p.52.
1630 1404 1669 1446 i..

163 1451 227 1490 fed
255 1451 360 1489 sensu
386 1451 529 1488 rhetor.
556 1452 635 1488 lnd.
663 1454 776 1488 Dion.
806 1456 855 1488 H.
883 1455 941 1489 bb.
961 1455 1006 1490 T.
1031 1467 1062 1489 2.
1091 1452 1132 1488 it.
1156 1454 1305 1503 Qinst.
1326 1453 1411 1490 lnst.
1432 1455 1499 1489 Or.
1522 1457 1556 1494 6,
1577 1465 1611 1494 2,
1632 1461 1669 1492 8.

161 1500 267 1587 {qqq
291 1512 406 1548 quae,
434 1512 643 1550 quanquam
662 1500 818 1549 repetita
838 1513 855 1537 a
875 1503 954 1549 Stp.
977 1501 1049 1538 Th.
1069 1502 1093 1539 Ι.
1111 1501 1136 1539 1.
1153 1503 1193 1541 F.
1214 1515 1285 1546 ιη..
1317 1514 1399 1540 non
1420 1512 1545 1539 tamen
1571 1500 1671 1540 reste

192 1551 316 1587 abent.

258 1597 331 1634 Sed
352 1598 452 1647 quod
472 1593 554 1642 ἦθος
574 1597 729 1636 subinde
750 1597 908 1635 vertitur
928 1611 993 1645 per
1016 1600 1096 1635 Lat.
1115 1599 1315 1647 ingenium,
1341 1598 1505 1640 animus.
1537 1598 1672 1634 indoles

162 1658 205 1685 et
223 1657 379 1689 natura,
418 1646 465 1684 cf.
486 1649 564 1694 Stp.
585 1648 610 1684 1.
631 1649 655 1684 1.
680 1649 727 1690 G.
746 1647 769 1687 i.
794 1658 831 1683 et
851 1660 885 1695 p.
904 1650 1069 1689 10982A·
1088 1661 1121 1684 e.
1151 1649 1207 1686 Cl.
1227 1647 1304 1684 Cic.
1326 1649 1405 1685 Ind.
1423 1649 1500 1685 Grl.
1530 1646 1570 1684 it.
1587 1646 1669 1683 lnd.

159 1697 250 1733 sz.
278 1697 358 1735 Aes.
382 1696 466 1739 HL,
500 1696 540 1732 in
564 1697 601 1732 L.
623 1697 671 1733 N.
691 1696 739 1734 T.
758 1697 849 1732 Krb.
878 1707 917 1732 et
947 1697 992 1733 ad
1017 1697 1134 1739 Plun,
1166 1695 1229 1733 ubi
1256 1697 1435 1734 veriffime
1467 1694 1570 1739 ἔθους
1598 1708 1668 1743 pro

161 1745 269 1789 ε’ίδους
291 1745 509 1792 corrigitur:
533 1745 607 1781 istis
627 1747 705 1783 Lat.
727 1755 883 1782 utuntur
902 1745 1018 1782 libere
1043 1756 1082 1783 et
1100 1746 1145 1781 ad
1165 1745 1331 1788 sensum,
1366 1747 1427 1782 sed
1446 1758 1527 1783 non
1545 1745 1671 1782 neces-

159 1793 253 1835 sario
267 1820 277 1835 ‚
303 1806 386 1831 cum
405 1796 483 1831 Lat.
504 1807 575 1830 mos
595 1806 634 1831 et
653 1807 762 1830 mores
783 1807 899 1842 aeque
921 1795 994 1831 late
1015 1804 1187 1842 pateant.
1223 1793 1467 1842 fimiliterque
1486 1806 1557 1830 mos
1577 1806 1612 1828 v.
1637 1805 1669 1832 c.

159 1843 248 1891 equi
269 1843 433 1885 dicatur,
462 1854 505 1880 ut
524 1839 604 1886 ἦθος
628 1845 727 1885 ἵππου
740 1868 749 1884 ‚
776 1844 821 1880 ad
842 1856 951 1891 quam
970 1843 1129 1880 formam
1142 1839 1221 1886 ἦθος
1238 1847 1383 1890 πυρετοῦ
1396 1856 1476 1880 non
1497 1842 1668 1881 dubitem

159 1891 315 1929 reddere
334 1905 463 1928 morem
472 1893 619 1938 febris,
647 1905 740 1941 quae
758 1905 796 1930 et
816 1892 992 1931 nostrates
1012 1893 1171 1933 habent,
1198 1894 1264 1929 den
1285 1893 1496 1933 Gebrauch.
1523 1892 1579 1928 die
1590 1895 1668 1928 Art

158 1943 223 1980 des
245 1942 416 1986 Pferdes,
449 1943 511 1978 des
530 1943 680 1978 Fiebers.
729 1943 841 1978 Porro
861 1954 946 1978 cum
958 1941 1094 1978 Thom.
1114 1942 1165 1978 M.
1183 1941 1245 1977 1.1.
1265 1941 1340 1983 ait,
1365 1941 1419 1984 κοιῖ
1436 1937 1517 1984 ἔθος
1536 1946 1554 1984 ἦ
1574 1937 1668 1978 εῧλσ·

156 2006 218 2036 yur
238 1996 354 2032 αἰτία,
381 2003 426 2027 ex
446 1989 595 2028 Aristid.
618 1995 692 2028 οὐδὲ
711 1995 757 2029 τὰ
776 1989 977 2034 τολμήματα
994 1999 1053 2034 τῆς
1062 1987 1189 2032 πόλεως
1206 1993 1434 2030 ἱππ-ἄσασθαι
1446 1989 1578 2034 μᾶλλόν
1588 1994 1666 2032 {rm

157 2038 179 2084 ἢ
199 2039 238 2077 ro*
256 2048 320 2077 τῶν
341 2036 448 2085 ἔργων
467 2037 547 2083 ἦθος
563 2065 573 2081 ,
608 2038 740 2076 sufficie
758 2039 807 2075 ibi
829 2036 910 2082 ἦθος
928 2039 1160 2086 interpretari
1182 2051 1246 2086 per
1265 2040 1343 2075 Lat.
1362 2040 1473 2081 ratio.
1500 2051 1567 2086 pro
1586 2050 1667 2077 mo·

158 2090 247 2130 dus,
274 2100 350 2137 quo
367 2089 445 2124 Lar.
467 2100 506 2126 et
525 2088 641 2126 utitur
664 2091 701 2125 L.
724 2089 829 2129 Ern.;
867 2100 904 2125 et
930 2100 1015 2124 cum
1035 2090 1113 2134 Stp.
1132 2089 1156 2125 Ι.
1174 2088 1199 2124 i.
1221 2101 1256 2135 p.
1274 2099 1377 2133 1097.
1391 2088 1437 2125 G.
1456 2087 1568 2130 dicit,
1602 2086 1665 2125 01¹-

157 2150 332 2175 ceronem
352 2150 407 2183 ap.
432 2139 522 2175 Plat.
544 2135 654 2182 ἔμενεν
671 2142 702 2174 ἐν
720 2139 766 2182 τῷ
786 2137 910 2174 ἑαυτοῦ
930 2143 1021 2174 κατὰ
1040 2133 1163 2182 τρόπον
1186 2134 1261 2179 ἔθει
1274 2137 1438 2181 vertiss'e‚
1461 2137 1665 2188 constanter

158 2187 200 2225 in
215 2186 274 2233 suo
293 2187 575 2238 manebat-statu
588 2213 599 2227 .
627 2185 759 2223 Cicero
777 2185 895 2222 libere
914 2186 1013 2235 egit,
1047 2197 1091 2222 ut
1111 2186 1218 2228 alibi,
1252 2185 1296 2222 ad
1317 2185 1462 2223 sensum
1489 2185 1664 2229 reddens.

156 2237 280 2286 primo
301 2252 331 2273 κ.
349 2251 400 2282 τςι.
422 2247 488 2282 pro
507 2237 586 2273 adv.
607 2237 684 2272 Lat.
711 2233 930 2284 constanter,
969 2234 1066 2280 quas·
1083 2251 1115 2272 κ.
1133 2251 1186 2282 vg».
1205 2234 1264 2275 τὸν
1280 2234 1407 2276 αὐτὸν,
1440 2247 1518 2272 uno
1547 2236 1662 2271 eodem

158 2297 233 2332 que
250 2287 368 2326 modo,
401 2283 462 2320 sed
481 2284 616 2321 deinde
638 2281 713 2327 ἤθει
733 2283 934 2333 Lat-statu,
961 2296 1029 2331 pro
1049 2284 1207 2325 ratione.
1230 2297 1348 2324 more.
1373 2283 1503 2326 modo,
1533 2283 1582 2320 cf·
1603 2283 1662 2320 el.

158 2332 259 2375 Cic...
287 2345 496 2382 quanquam
518 2333 607 2370 mihi
629 2332 754 2379 potius
775 2332 918 2371 videtur
939 2349 970 2371 κ.
993 2349 1048 2380 ’'4’-
1066 2332 1246 2395 exquifite
1266 2332 1447 2380 politum,
1484 2343 1523 2371 et
1540 2345 1663 2380 praep.

158 2395 243 2421 cum
265 2382 367 2420 subst.
386 2383 426 2419 in
448 2381 643 2431 periphrasi
663 2393 747 2429 gen.
761 2407 771 2424 ‚
809 2394 873 2428 pro
894 2386 925 2418 ἐν
942 2384 990 2426 τῷ·
1011 2402 1049 2415 -ι-
1065 2397 1193 2427 τροπου
1215 2379 1289 2425 ἔθει
1303 2406 1314 2423 ,
1344 2382 1470 2429 mansit
1490 2381 1529 2418 in
1550 2381 1663 2419 animi

157 2437 264 2471 more
276 2432 362 2481 suo,
397 2442 509 2479 quem
531 2444 615 2482 gen.
637 2443 716 2467 non
741 2430 906 2477 posuerit
927 2431 1028 2468 Plato
1047 2432 1094 2467 ob
1118 2444 1170 2479 pr.
1192 2430 1313 2470 ἑαυτοῦ
1333 2430 1493 2472 eundem
1520 2430 1662 2472 casurm

158 2480 250 2518 ficut
267 2481 358 2518 illud
375 2481 455 2526 Stp.
474 2482 499 2523 ι.
521 2482 548 2520 Ι.’
569 2493 605 2528 ρ.
625 2488 726 2526 1098.
742 2480 763 2516 i.
787 2492 831 2517 ex
852 2478 960 2519 Isocr.
980 2492 1015 2526 p.
1032 2493 1060 2517 ι.
1078 2479 1170 2527 L32.
1193 2477 1280 2523 ὅπως
1295 2485 1341 2530 τὰ
1360 2489 1424 2519 τῶν
1442 2476 1573 2527 τρόπων
1591 2475 1660 2523 ἔθη

157 2534 330 2568 σπουδαῖοι
348 2536 530 2576 πεφυκέναι
551 2527 708 2576 &Agaven
743 2529 792 2566 est
816 2540 938 2578 neque
954 2530 1048 2566 bene
1068 2528 1118 2565 ibi
1138 2530 1196 2565 vel
1214 2529 1449 2570 conversum,
1473 2531 1530 2565 vel
1543 2528 1660 2578 expli-

158 2589 281 2615 catum
307 2580 346 2615 in
372 2581 515 2615 Annot.
534 2593 567 2626 p.
581 2593 638 2623 49.
656 2580 680 2615 l.
701 2590 753 2614 12.
774 2577 874 2626 sqq..
910 2589 1033 2626 neque
1060 2591 1116 2625 ap.
1145 2579 1223 2625 Stp.
1253 2579 1327 2615 Th.
1346 2589 1383 2627 3,
1408 2582 1511 2623 1637.
1538 2579 1584 2614 D.
1612 2589 1660 2618 e..

157 2639 244 2663 cum
262 2626 318 2667 fit.
345 2637 386 2664 ut
401 2628 524 2674 quoad
537 2629 730 2664 animorum
748 2626 772 2663 s.
793 2627 906 2663 animi
926 2639 1047 2664 mores
1066 2627 1260 2663 videantur
1278 2626 1386 2674 probi
1396 2626 1500 2674 faHi
1518 2626 1592 2676 ff,
1619 2637 1662 2665 uc

158 2677 219 2715 or.
236 2681 283 2714 τῖε
303 2676 357 2720 η’..
383 2689 451 2725 pro
463 2682 553 2715 κατὰ
564 2682 610 2716 τὰ
629 2676 684 2721 η’.,
712 2673 843 2714 fitLat.
862 2676 992 2726 probus
1009 2677 1162 2715 moribus
1170 2700 1183 2721 2
1206 2685 1245 2715 et
1262 2681 1292 2716 οἱ
1308 2673 1428 2724 τρέποι
1445 2675 1514 2725 Lq.
1533 2674 1661 2719 animi,
