1772 3158
451 72 454 82 ’
496 98 794 144 EXCVRSVS
819 86 910 142 'AD
948 98 1095 144 ΜΒΓ..
1126 99 1160 143 1.
1476 96 1576 152 763

85 207 111 244 l·
132 215 213 250 80„
235 207 297 245 ubi
317 208 427 244 Corn.
451 208 498 244 N.
520 219 578 255 23,
598 217 633 267 8,
651 222 682 245 2.
702 222 733 244 e.
754 208 792 244 in
808 208 888 246 Ind.
910 221 975 254 pro
995 208 1112 247 fama,
1146 205 1193 244 cf,
1215 208 1317 244 corr.
1337 207 1381 244 ad
1401 207 1488 243 Sall.
1511 209 1589 255 lug.

87 271 124 303 4,
145 270 175 293 x.
190 281 202 298 ‚
241 267 278 293 et
303 257 376 292 abl.
405 255 468 292 ille
487 261 656 294 memoria
675 257 867 305 proditum
888 258 938 293 est
957 256 981 292 i
992 269 1027 304 q.
1051 269 1115 303 pet
1135 257 1290 297 famam.
1325 259 1588 298 narrationem,

84 306 199 354 vulgo
217 306 479 347 traditionem,
509 319 750 354 propagatum
773 306 844 347 est,
871 306 929 341 vel
947 305 1054 342 etiam
1078 318 1142 352 per
1158 305 1362 346 historiam,
1388 318 1452 352 per
1472 307 1586 342 libros

82 355 261 411 scriptos,
307 355 354 391 cf.
375 356 621 392 Cort.1.1.0t
639 358 685 392 G.
709 357 783 391 Th.
805 367 887 399 250,
908 355 1081 402 81.1qq.,
1117 364 1156 390 et
1183 353 1271 388 hinc
1298 354 1387 391 illud
1415 354 1586 400 superius

84 405 192 440 Cure.
210 404 234 439 i
245 417 282 451 q.
307 404 353 440 ad
365 404 615 451 posteritatem
629 415 667 440 et
688 404 730 439 ad
749 404 894 440 lamam.
945 405 1087 450 Qubus
1099 404 1177 439 Lat.
1190 401 1372 448 phrafibus
1384 415 1486 449 pares
1500 404 1587 440 lunt

83 451 154 487 hae
176 454 240 489 Gr.
252 477 263 494 ‚
298 463 342 488 ut
368 452 479 489 Diod.
499 454 536 488 S.
564 465 594 494 1,
612 462 684 498 253.
709 454 732 488 l.
747 464 801 499 30
824 454 870 489 de
890 453 1073 491 Hercule
1106 453 1155 497 τῷ
1182 457 1239 495 μὲν
1264 456 1333 496 '7²⁹
1359 455 1584 495 μεγέθειτῶν

80 505 384 562 κατεργασθέντων
396 501 617 546 οἭμολσγσυμέ
618 518 665 543 ως
687 517 779 543 ουτ-ας
790 506 1017 548 πκςοεδέδοτοω
1039 507 1169 542 πάντας
1179 514 1257 539 τους
1279 503 1314 545 ἐξ
1326 505 1438 541 αἰῶνος
1459 499 1585 546 borsoi-

81 565 137 596 g’ou
164 553 208 596 τῇ
234 565 342 596 μνήμῃ
374 553 652 595 παραδοθέντας,
685 553 834 586 omnium
871 563 972 587 enim
1009 564 1065 586 res
1091 550 1226 598 gestas,
1273 561 1492 596 quascunque
1521 562 1586 594 per

81 610 197 633 omnes
216 598 343 634 mundi
363 609 500 634 aetates
519 600 695 635 memoria
716 601 887 636 hominum
915 601 1106 647 complexa
1129 599 1197 641 est,
1228 599 1283 633 bic
1302 610 1324 633 ι.
1331 609 1398 633 nus
1416 599 1584 643 amplitu-

81 647 164 682 dine
184 647 242 682 sua
265 649 363 694 longe
379 647 553 684 exceffiffe
569 659 606 696 p
598 651 828 689 ·aedicatur,
862 647 977 685 immo
999 662 1080 684 narn
1095 625 1337 696 magnitudine
1357 647 1507 693 quidem
1526 661 1584 682 re-

81 707 161 730 rum
181 695 356 744 gestarum
382 697 618 739 unanimiter,
651 697 676 733 Γ.
701 697 869 734 omnium
899 697 1152 738 confefflone,
1187 697 1242 732 hic
1268 697 1431 732 tiatlitur
1452 709 1584 732 omnes

78 745 174 778 omni
194 758 238 780 ex
254 756 340 779 aevo
359 744 380 780 Γ.
393 746 436 780 ab
448 745 856 794 omniaetatesuperaffi
877 747 1076 782 memoriae
1095 747 1272 786 traditan
1299 745 1363 781 ubi
1380 757 1434 792 pr.
1454 750 1584 790 παςκδ.

80 792 311 833 absolutum,
342 807 407 840 pro
429 806 604 837 narratur,
632 807 675 832 ut
692 798 769 832 Lat.
790 797 968 837 traditur,
995 795 1130 832 deinde
1151 772 1272 831 efferri
1293 794 1414 829 videas
1435 806 1497 841 per
1509 795 1585 830 for-

80 842 219 878 mulam
238 844 282 888 τῇ
303 860 355 887 μν.
375 860 452 890 παρ.
462 869 473 885 ,
499 857 591 892 quae
613 843 659 880 ib.
679 858 714 883 2,
741 845 934 882 160.l.1‘=.
957 844 1004 880 de
1024 845 1258 885 Alexandro,
1295 843 1506 889 ὗπεςβαῑετο
1533 845 1582 889 τῷ

81 893 221 937 μεγέθει
239 899 304 929 τῶν
325 888 430 936 &gyra-1
449 898 576 934 πάντας
595 900 671 934 'vove
689 898 725 939 εξ
746 899 833 931 (εἴων.
853 896 898 939 ΤΞ
915 910 968 937 μυ.
987 896 1117 939 παςκδε
1121 897 1272 938 δομένους
1290 897 1465 937 (inanest,
1492 905 1586 939 ope·

78 950 160 976 rum
174 940 317 988 suorum
340 942 596 989 magnitudine
614 955 777 991 -reges
798 955 948 982 ornnes,
985 953 1151 989 quotquo.
1182 943 1224 977 ab
1249 954 1300 977 om
1305 943 1398 977 nium
1420 941 1584 978 saeculo·

79 1000 165 1024 rum
179 990 346 1025 memoria
367 991 621 1033 celebrantur,
646 992 856 1062 superavitn,
881 1002 984 1032 tum,
1024 1004 1084 1037 pra
1067 991 1208 1027 teterl.
1222 1002 1278 1034 25.
1299 1003 1338 1026 et
1359 999 1417 1030 28.
1431 1015 1439 1030 ,
1477 990 1524 1027 ib.
1549 1003 1583 1032 1,

79 1048 166 1084 253.
186 1040 280 1079 l.18.
305 1044 491 1083 Πολύμνιαν
508 1044 543 1077 δὲ
565 1044 683 1087 (eam
695 1041 883 1086 ὠνομάσθη
906 1039 933 1074 l.
949 1041 1000 1084 5.)
1021 1046 1088 1076 ἀπὸ
1109 1042 1169 1076 τοῦ
1191 1044 1242 1076 δια
1262 1048 1387 1080 τολνῑῐς
1408 1037 1468 1082 ιῖμ·,
1467 1054 1581 1081 neme

78 1092 249 1134 ἕπίᾷανεῖ,
268 1092 536 1135 κατασκευάζειν
552 1096 630 1131 τους
650 1094 695 1127 3:
673 1107 702 1126 a
730 1097 795 1127 τῶν
815 1095 1004 1134 ποιημάτων
1025 1090 1382 1132 ᾰπκθανατιξομένους
1412 1091 1457 1133 'riq‘
1484 1085 1582 1134 δοξη,

77 1138 283 1190 Ροζγηιηία,
311 1136 457 1182 (aiunt,
483 1138 572 1174 inde
593 1139 839 1182 nominatur)
858 1141 951 1186 quod
966 1137 1165 1173 immortali
1181 1147 1245 1185 per
1265 1137 1423 1173 carmina
1438 1139 1584 1184 gloriae

77 1184 332 1232 transscripti‚
357 1188 469 1222 multa
487 1187 713 1236 hymnorum
733 1188 980 1223 decantatione
998 1186 1154 1223 illustres
1172 1200 1185 1221 ν
1187 1187 1385 1226 effamur,
1412 1186 1528 1222 immo
1540 1186 1586 1221 ab

79 1247 150 1276 eo,
182 1236 277 1281 quod
291 1246 357 1280 per
372 1237 519 1271 multam
539 1237 762 1283 hymnorum
790 1237 1069 1272 decantationem
1095 1234 1250 1271 illustres
1261 1234 1391 1279 faciat
1414 1234 1584 1271 carmini-

77 1283 166 1345 bus,
167 1283 361 1318 immortali
377 1283 402 1319 s.
420 1294 587 1320 aeternae
609 1285 726 1321 famae
744 1286 923 1327 traditor,
949 1285 997 1321 cf.
1018 1286 1066 1321 N.
1087 1283 1134 1320 ib.
1186 1285 1294 1320 Unde
1319 1283 1358 1318 in
1377 1284 1502 1319 nostro
1524 1285 1585 1318 lo-

77 1344 123 1368 co
145 1328 233 1378 ἔργα
250 1329 466 1379 παραδιδένοᾳ
488 1337 534 1379 τῇ
552 1329 630 1381 δόξῃ
651 1333 784 1375 fuerit,
812 1347 870 1370 res
886 1334 1030 1370 tradere
1041 1334 1171 1378 famae
1190 1332 1214 1368 s.
1229 1333 1396 1386 gloriae,
1423 1333 1447 1369 s.
1468 1332 1511 1367 ad
1531 1331 1584 1368 ta-

75 1393 197 1420 mam,
225 1380 454 1423 sermonem,
481 1383 658 1429 gloriam,
685 1382 712 1418 i.
730 1396 763 1419 e.
783 1396 845 1419 eas
862 1396 1009 1419 narrare
1028 1383 1097 1424 ita,
1133 1393 1175 1418 ut
1193 1383 1240 1417 de
1259 1394 1304 1416 ns
1323 1381 1450 1417 existat
1471 1381 1583 1424 lama,

75 1430 220 1472 sermo,
245 1430 383 1478 gloria,
418 1430 444 1467 Γ.
465 1442 510 1468 ut
527 1444 803 1473 memorentur,
836 1433 1090 1472 celebrentur,
1117 1444 1154 1467 et
1171 1441 1292 1467 totum
1316 1429 1460 1470 Nostri,
1492 1432 1583 1466 viles

19 1522 23 1523 ⁷
75 1490 113 1515 et
129 1489 272 1528 parvas
287 1493 346 1516 res
363 1479 481 1517 famae
503 1480 527 1517 Γ.
543 1483 687 1529 gloriae
706 1483 860 1523 tradere,
886 1493 971 1518 vero
992 1480 1160 1516 maioris.
1175 1480 1369 1515 veritatem
1378 1479 1583 1528 superanti,

75 1529 102 1565 i.
123 1541 161 1577 q.
184 1541 329 1565 narrare
348 1528 416 1571 fic,
442 1540 484 1566 ut
503 1529 621 1569 sama,
647 1530 789 1573 serum,
815 1530 929 1586 gloria
947 1529 1018 1566 de
1011 1529 1055 1565 iis
1073 1529 1222 1570 existat,
1259 1527 1374 1564 maior
1396 1541 1505 1570 vero,
1541 1541 1584 1565 ut

75 1589 152 1626 que
171 1589 427 1614 memorentur
444 1591 484 1614 ac
502 1579 762 1625 praedicentur
782 1579 916 1627 magis,
940 1590 1048 1625 quam
1067 1590 1150 1612 vera
1170 1590 1294 1614 earum
1310 1588 1439 1613 natura
1458 1578 1584 1634 requi-

73 1628 148 1667 rit,
173 1625 310 1676 magice,
337 1638 447 1675 quam
467 1640 680 1671 metentur;
705 1641 781 1676 quo
800 1611 912 1676 profit
921 1627 1086 1675 superius
1099 1626 1211 1663 Ovid.
1225 1627 1351 1675 gloria
1367 1638 1455 1663 vero
1468 1629 1582 1662 maior

53 1700 55 1702 -
73 1687 113 1712 et
131 1656 290 1723 Infamia
312 1687 400 1712 vero
425 1677 552 1713 minor.

169 1725 398 1780 Qicunque
417 1725 550 1762 modus
570 1725 779 1774 explicandi
799 1725 908 1762 huius
926 1724 1000 1761 loci
1022 1723 1222 1772 placuerit:
1258 1723 1300 1760 ad
1331 1723 1475 1761 sensum
1497 1723 1583 1771 qui.

74 1774 161 1811 dem
180 1773 408 1810 conveniant
426 1773 489 1810 illa
508 1775 630 1812 Nostri
651 1788 685 1817 2,
706 1787 761 1821 15.
780 1787 835 1820 14.
857 1771 1078 1819 Bm‘yn'coum,
1105 1777 1195 1811 οὐδὲν
1214 1790 1291 1811 ουτ-ε
1309 1773 1392 1818 πρὸς
1414 1780 1513 1820 χάριν
1533 1780 1581 1815 εἰς

72 1820 156 1867 ὕψος
175 1827 333 1869 ἐξαίρων,
359 1835 392 1860 7..
443 1821 555 1860 Sed''
536 1841 551 1861 ε
555 1840 642 1871 §²7¹1-
665 1834 709 1860 ut
731 1836 769 1861 et
789 1825 867 1860 Lat.
885 1827 947 1872 ssg
968 1836 988 1859 e
1009 1824 1046 1858 P.
1058 1848 1068 1864 ‚
1094 1822 1353 1870 intelligentur
1374 1836 1452 1864 res,
1475 1823 1578 1858 domi

74 1872 309 1920 militiaeque
327 1871 463 1920 gestae,
488 1873 597 1910 fortia
617 1873 710 1910 fasta
723 1898 735 1915 ,
771 1873 935 1909 instituta
960 1872 1080 1908 civilia
1097 1884 1137 1908 et
1163 1871 1326 1908 afflones
1346 1871 1444 1907 vitae
1462 1871 1581 1921 fingu-

75 1921 152 1962 lae;
185 1921 369 1968 licuitque
389 1921 532 1958 servare
550 1923 630 1959 Lat.
657 1921 818 1959 severius
844 1931 970 1971 opera,
1004 1919 1053 1956 cf.
1075 1923 1123 1958 G.
1141 1921 1217 1957 Th.
1239 1932 1324 1956 cum
1348 1921 1413 1957 Gr.
1435 1933 1473 1956 n.
1464 1945 1492 1962 .,
1533 1919 1580 1956 ad

74 1969 180 2006 Caes.
202 1972 235 2006 b.
256 1971 337 2006 Civ.
363 1983 394 2012 r,
411 1980 470 2016 32,
493 1979 528 2012 8.
547 1985 581 2008 e.
606 1971 687 2008 Liv.
712 1984 744 2013 1,
765 1984 796 2006 2.
816 1983 850 2008 e.
885 1982 918 2012 ι,
942 1973 995 2006 16.
1015 1970 1039 2005 i.
1072 1969 1153 2007 Ind.
1169 1969 1265 2006 Flor.
1275 1994 1286 2010 ,
1320 1980 1477 2006 tenente
1496 1970 1579 2018 Stp.

75 2019 151 2057 Th.
174 2019 213 2055 in
232 2020 303 2055 hoc
321 2032 354 2055 ν.
377 2021 490 2057 modo
508 2020 705 2057 notionem
724 2033 763 2057 et
782 2021 861 2057 Lat.
878 2021 942 2068 Bg.
955 2045 966 2060 ,
992 2019 1101 2066 sed3‚
1127 2029 1228 2065 1384.
1249 2019 1297 2055 G.
1325 2022 1423 2058 „sd-r.
1435 2019 1580 2060 υἱώ,-

74 2070 201 2105 tenuis.
219 2088 258 2094 —
285 2070 344 2104 De
364 2082 402 2104 re
423 2068 560 2106 dietum
578 2070 622 2106 ab
639 2069 793 2106 Herodi.
806 2093 817 2110 ‚
848 2068 1058 2104 adiunstum
1086 2068 1197 2104 habet
1225 2074 1338 2114 μικρὸς
1367 2068 1581 2113 aliquoties,

74 2121 137 2163 (ex
159 2117 239 2154 aliis
258 2118 347 2154 locis
368 2118 513 2159 Nostri,
538 2130 647 2166 quem
667 2118 779 2165 plane
799 2130 878 2154 non
895 2116 1072 2173 respicit
1062 2129 1101 2153 in
1122 2118 1240 2154 altero
1252 2116 1320 2153 adi
1331 2141 1343 2158 ,
1371 2116 1466 2152 ubi
1450 2122 1580 2162 2.,936

73 2168 111 2203 F.
117 2169 130 2211 )
147 2173 260 2212 μικρὸν
280 2169 332 2203 dr.
351 2167 488 2209 etiam,
521 2167 621 2216 quod
650 2166 700 2203 est
718 2167 820 2214 parvi
842 2166 951 2215 pretii
973 2166 996 2202 Γ.
1017 2166 1229 2203 momenti“
1257 2178 1299 2202 ut
1319 2164 1379 2201 hic
1399 2165 1579 2210 copulen-

73 2227 134 2252 tur
156 2217 231 2263 syn.
255 2229 320 2262 per
339 2216 506 2263 copiam,
537 2216 602 2263 (cf.
623 2217 671 2253 G.
693 2217 767 2253 Th.
780 2240 790 2259 ‚
816 2215 930 2264 inssg.
950 2214 1020 2251 adi.
1040 2214 1147 2263 postr.
1167 2226 1249 2258 714,
1269 2223 1325 2261 35.
1347 2215 1507 2250 cumGr.
1522 2227 1560 2250 n.
1552 2238 1578 2255 .,

71 2276 110 2303 at
126 2277 211 2301 cum
234 2265 317 2302 Grr.
337 2265 380 2301 al.
404 2266 444 2301 in
469 2266 612 2312 prima,
640 2277 682 2302 ut
698 2276 736 2302 et
754 2265 793 2301 in
810 2267 849 2302 Ρ.
860 2290 871 2306 ,
902 2265 1060 2309 ub1754,
1084 2264 1326 2309 14.eCic.1n
1346 2263 1500 2299 minimis
1520 2275 1576 2301 te·

69 2313 249 2350 nuiffimis
267 2326 332 2362 que
349 2315 458 2351 rebus
475 2316 578 2361 labi.)
593 2314 653 2351 sed
672 2313 773 2351 forte
790 2326 875 2350 cum
896 2315 968 2349 hoc
986 2311 1210 2354 discrimine,
1235 2323 1278 2348 ut
1295 2315 1366 2350 εὖτ.
1387 2307 1472 2358 ἔργα
1490 2311 1575 2354 sint,

71 2363 206 2411 quibus
223 2362 319 2399 nihil
343 2362 367 2400 s.
390 2376 514 2410 parurn
534 2363 644 2412 pretii
665 2374 704 2400 et
721 2363 876 2400 honoris
898 2364 1064 2399 statuitur
1084 2373 1123 2398 et
1140 2362 1337 2402 tribuitur,
1373 2361 1419 2398 de
1440 2362 1577 2409 quibus

68 2425 150 2449 non
169 2410 363 2460 magnifice
381 2413 560 2455 lentitur,
594 2425 666 2450 nec
692 2414 850 2449 multum
875 2413 968 2450 boni
989 2411 1253 2457 commodique
1279 2421 1429 2465 putatur
1451 2409 1575 2453 inesse,

69 2461 132 2499 sed
149 2479 185 2507 μ.
201 2466 227 2498 ἐ.
238 2486 250 2505 ,
274 2473 367 2509 quae
387 2462 582 2509 requirunt
601 2474 681 2498 non
704 2462 836 2498 multas
854 2471 895 2497 et
911 2472 1059 2509 magnas
1079 2473 1172 2495 vires
1186 2458 1307 2495 omnis
1320 2458 1488 2507 generis,
1515 2459 1576 2495 in-

73 2511 199 2559 genii,
224 2511 409 2558 corporis,
434 2510 628 2553 tbi-tunae,
655 2523 822 2560 quaeque
838 2523 921 2547 non
933 2492 1074 2547 havbent
1093 2509 1219 2546 estesta
1242 2520 1373 2557 magna
1392 2520 1431 2545 et
1445 2509 1576 2552 multa,

73 2560 121 2597 cf.
147 2560 234 2596 Ern.
252 2559 346 2596 rhet.
363 2558 397 2604 §.
417 2573 474 2596 22.
492 2560 569 2608 sqq.

167 2607 288 2646 Restat
307 2608 483 2645 iudicium
505 2610 549 2646 de
569 2607 730 2647 leffione
752 2620 832 2646 tum
851 2609 941 2646 Mss.
953 2631 965 2650 ,
997 2619 1076 2645 tum
1091 2606 1245 2645 Strothi.
1299 2606 1368 2644 Pro
1380 2606 1478 2655 vulg.
1499 2606 1580 2654 qui-

73 2658 158 2696 dem
178 2658 245 2694 stat
264 2659 300 2695 Ρ
315 2683 326 2699 ,
362 2654 470 2716 Myro-7
487 2661 594 2705 ἀρετ-ᾖ
608 2683 618 2701 ,
650 2657 695 2694 fic
721 2659 962 2706 copulatum,
996 2658 1091 2694 bene
1119 2657 1164 2692 ad
1183 2656 1327 2693 sensum
1352 2668 1578 2711 exprimens,

64 2707 248 2759 scribendi
252 2708 444 2757 artificio,
476 2708 588 2746 etiam
609 2709 722 2758 magis
743 2720 763 2745 e
782 2709 849 2746 Gt.
867 2708 1022 2753 ordine,
1058 2717 1170 2755 quem
1188 2708 1252 2756 Bg.
1271 2706 1425 2744 mutarit
1452 2705 1502 2742 ob
1522 2705 1576 2753 sq.
