1772 3158
145 128 319 176 LIBER
342 127 376 171 1.
409 125 664 172 CARXIV.
705 93 836 169 mr.
863 125 910 170 c.
942 135 1062 181 944.
1096 125 1235 170 CHR.
1259 125 1322 170 N.
1357 137 1472 182 191.
1518 138 1615 183 591
1656 177 1663 189 s

108 241 248 310 ςαξεν
279 252 313 289 0.
393 236 490 289 οὔτε
540 235 634 307 ‘yde
683 234 850 307 ’σ’μζὲξευ
892 257 938 300 4.
966 243 1096 292 bavit.
1172 247 1335 307 Neque
1353 245 1627 292 enimimbre

112 315 511 386 πξοϋποὶξξαντος,
575 312 672 362 οὔτε
713 316 851 376 νεφῶν
887 319 1204 385 praecedente,
1255 337 1399 381 neque
1431 321 1626 368 nubibus

114 391 460 462 άθςοιο-ὃέντων,
490 391 676 454 σεισμοῦ
695 384 742 438 δὲ
763 390 849 438 ὀλί-
885 393 1093 452 εοΙΙετᾶὶε,
1118 394 1188 442 sed
1200 405 1370 443 tantum
1382 409 1520 443 terrae
1533 414 1628 446 mo·

205 523 244 565 ο)
270 522 334 555 Ms.
353 522 409 558 Ba,
429 530 560 554 comma
580 518 636 553 hic
654 520 773 552 habuit
790 519 964 553 vitiosum.

117 644 156 672 et
172 633 328 683 Buleng.
343 634 384 670 in
402 634 535 671 Graev.
547 633 620 669 Th.
634 633 682 669 T.
704 642 736 677 ς.
758 636 888 680 ρ.ςο6.
902 658 912 673 ,
938 630 1014 673 ubi,
1041 644 1154 681 agens
1172 632 1219 669 de
1234 631 1413 671 incendio
1433 631 1629 683 prodigio.

113 684 179 725 so,
206 696 241 730 p.
261 684 297 730 sq
330 685 368 720 B.
389 683 499 719 etiam
519 683 593 720 huc
614 682 763 729 respicit
783 683 896 718 modo
916 681 960 717 fic
991 682 1159 721 „Herod-
1182 689 1244 721 1.“

164 730 305 779 ὄμβρου)
334 733 417 769 Sch.
441 732 480 768 in
506 732 578 767 hoc
594 732 700 768 subst.
736 731 884 772 „imbre
904 734 1159 767 antecedente<K
1195 743 1234 768 et
1260 743 1411 780 quoque
1438 732 1479 769 in
1497 739 1543 768 'v.
1567 749 1628 780 κς.

116 781 255 819 deserit
276 784 312 818 Ρ.
335 781 449 817 alium
468 793 663 818 numerum
682 793 766 817 cum
792 783 853 828 ssg.
867 805 878 822 ,
913 780 1018 818 cuius
1036 781 1115 816 Lat.
1145 781 1190 816 ad
1214 793 1249 816 v.
1267 797 1325 827 πρ.
1345 791 1454 818 tenet
1478 782 1632 819 aliunde

114 832 196 879 Stp.
217 831 314 871 Th..
341 831 451 867 etiam
473 830 511 865 in
531 830 658 873 subst„
694 843 779 866 cum
798 831 869 865 alio
891 830 971 866 Lat.
986 831 1133 877 pluvia,
1161 842 1238 878 quo
1258 829 1463 876 explicatur
1484 834 1546 880 Bg.
1569 844 1633 879 ap.

115 883 163 918 G.
187 882 260 916 Th.
281 893 366 917 cum
386 882 453 916 Gr.
476 893 534 919 n.,
561 880 656 916 hanc
672 879 784 916 solam
805 892 864 915 me
883 879 1060 915 noscente
1082 879 1279 916 notionem
1300 879 1401 916 istius
1424 879 1527 917 subst.
1546 881 1632 921 Gr.‚

115 929 168 965 cf.
187 929 277 966 Hes.
296 943 328 970 2,
355 936 437 974 748.
458 943 504 965 m.
527 941 558 964 e.
590 942 691 974 ¹445·
705 942 736 967 e.
755 931 802 966 N.
819 941 871 966 ιε.
891 930 930 964 L.
944 929 1048 965 N.T.
1073 931 1152 965 ind.
1175 932 1288 965 Hom.
1303 929 1520 977 Helssorph.
1535 929 1632 967 Call.

116 979 278 1016 Herodt.
299 980 391 1015 Xen.
422 978 529 1016 liach.
550 979 603 1015 Fi.
623 979 751 1016 Aesch.
769 981 854 1015 Luc.
879 979 1003 1024 Geop.
1028 989 1110 1015 cum
1132 977 1235 1014 Arist.
1259 980 1358 1014 Nub.
1386 991 1418 1014 v.
1441 989 1520 1024 337.
1547 981 1632 1025 37⁶·

118 1028 204 1065 coll.
225 1041 257 1063 v.
282 1040 336 1075 pr.
356 1038 395 1064 et
415 1029 527 1064 Dion,
551 1029 602 1064 H.
621 1030 655 1064 S.
677 1029 723 1063 T.
741 1042 769 1065 ι,
799 1033 883 1069 611,
905 1037 962 1073 23.
976 1051 986 1068 ‚
1012 1039 1053 1063 ut
1073 1027 1108 1062 h.
1122 1027 1146 1062 l.
1165 1027 1209 1061 ad
1227 1027 1634 1076 incendiumetignem

117 1077 387 1126 proferendum
415 1078 532 1112 valeat
558 1076 674 1113 imber
697 1089 737 1112 ac
766 1075 890 1123 pluvia
923 1077 1057 1117 modo,
1094 1087 1278 1123 quatenus
1310 1075 1511 1113 comitatur
1534 1088 1635 1113 tem-

117 1126 294 1175 pestatem
315 1125 433 1167 coeli,
460 1126 606 1162 tonitru
625 1137 664 1162 et
680 1126 847 1168 fulmen,
885 1125 946 1161 sed
966 1137 1006 1161 ut
1028 1136 1152 1161 tamen
1177 1123 1354 1161 libentius
1371 1125 1432 1161 hic
1452 1126 1635 1173 accipiam

118 1177 166 1213 ‹le
184 1174 355 1213 universa
377 1174 607 1221 tempestate,
643 1175 667 1210 i.
688 1187 802 1211 vento
823 1186 864 1209 ac
881 1174 1047 1216 tonitru,
1075 1172 1099 1209 fi
1119 1174 1200 1210 usus
1225 1173 1449 1221 scriptorum
1469 1187 1636 1218 annvuat;

119 1225 160 1262 in
183 1237 293 1273 quam
311 1237 387 1260 rem
418 1223 515 1260 forte
545 1223 687 1271 prosint
706 1225 786 1259 Lat.
807 1226 919 1264 haec,
955 1235 1040 1259 cum
1072 1222 1116 1259 ad
1140 1223 1257 1270 Orph.
1279 1223 1316 1259 h.
1342 1233 1397 1265 18,
1418 1236 1451 1268 5.
1481 1221 1636 1270 ὄμβρους

119 1276 187 1311 Vs.
208 1273 332 1310 reddit
347 1274 499 1315 nimbos,
533 1285 607 1320 quo
627 1274 674 1310 de
691 1274 738 1309 G.
760 1274 832 1310 Th.
856 1271 1086 1319 „repentina
1116 1283 1154 1308 et
1175 1284 1353 1319 praeceps
1373 1274 1464 1310 aeris
1485 1286 1636 1321 pertur-

118 1323 241 1364 bati0,
270 1323 380 1359 densa
401 1322 441 1368 (s.
459 1324 551 1367 atra)
572 1323 714 1364 nubes,
739 1332 778 1358 et
798 1335 841 1357 ex
860 1335 899 1357 ea
920 1321 1075 1368 pluvia«
1098 1321 1143 1358 cf.
1164 1323 1290 1369 Heyn.
1311 1323 1356 1366 ad
1371 1323 1579 1372 Virg.Aen.
1595 1336 1637 1365 2,

119 1376 206 1410 616.
237 1382 272 1419 3,
291 1381 371 1417 587-
395 1371 438 1408 it.
459 1384 494 1407 v.
515 1381 615 1414 198„
648 1385 716 1419 pro
739 1384 812 1419 quo
832 1372 943 1407 imber
965 1383 1000 1407 v.
1025 1382 1105 1417 ¹93·
1131 1370 1171 1406 it.
1195 1380 1228 1412 8,
1253 1381 1336 1418 392.
1361 1382 1400 1408 et
1417 1383 1524 1419 354..
1551 1384 1634 1421 quo

119 1422 230 1472 postr.
260 1421 346 1457 loco
372 1431 500 1457 tamen
530 1422 640 1457 nimbi
665 1422 775 1458 etiam
806 1420 878 1458 fint
893 1419 1040 1457 tonitru
1059 1431 1097 1458 et
1117 1421 1331 1469 tempestas,
1364 1431 1408 1458 ut
1424 1420 1472 1458 ib.
1498 1425 1532 1464 6,
1549 1434 1635 1468 590.

119 1483 162 1509 et
183 1483 261 1516 594·
275 1495 286 1513 ,
321 1470 385 1507 ubi
408 1471 453 1507 ad
474 1471 621 1506 imfnani
639 1471 781 1507 turbine
799 1471 924 1517 Heyn.
949 1483 1048 1516 „pro
1068 1469 1251 1511 fulmine,
1288 1482 1331 1506 ut
1353 1471 1473 1507 solent
1498 1471 1637 1515 nimbi,

120 1521 310 1563 turbines,
343 1520 529 1568 procellae
550 1531 635 1557 cum
666 1532 712 1556 eo
741 1520 810 1558 esse
830 1518 1081 1556 coniungere«
1109 1532 1175 1566 pro
1196 1531 1312 1556 vento
1339 1520 1493 1567 quidem
1522 1533 1564 1558 ut
1586 1522 1636 1557 G.

121 1570 195 1607 Th.
215 1569 327 1607 etiam
346 1581 508 1616 exponat
536 1570 688 1606 nimbum
707 1581 794 1615 440,
814 1582 894 1614 99..
928 1569 991 1616 qui
1012 1580 1051 1604 et
1081 1570 1284 1616 ‚‚procella,
1320 1566 1430 1607 ἄελλα
1445 1593 1458 1612 ,
1495 1569 1637 1617 χειμῶν,

121 1618 384 1656 vehementior
402 1619 552 1666 quidam
573 1619 678 1656 venti
698 1619 882 1667 impetus,
906 1631 978 1655 nec
1001 1617 1051 1654 ita
1073 1622 1224 1659 durans,
1244 1638 1279 1647 -
1302 1619 1397 1656 min.
1411 1619 1527 1669 flatus
1549 1621 1637 1668 vagi

122 1678 159 1705 et
175 1679 326 1704 ruentes
347 1669 563 1704 torrentium
585 1668 723 1709 modo,
759 1670 924 1705 tonitrua
945 1679 983 1704 et
1001 1666 1162 1715 fulgura
1187 1669 1324 1709 edunt,
1362 1669 1505 1713 (cient,
1536 1671 1638 1708 exci-

124 1729 228 1757 tant,
266 1729 330 1763 per
351 1716 489 1752 coaaas
507 1717 768 1765 concussasque
787 1718 936 1763 nubes.)
963 1717 1099 1753 maiore
1117 1729 1205 1753 vero
1223 1718 1323 1753 illati
1336 1721 1487 1765 pondere
1508 1741 1568 1759 -,
1597 1718 1641 1766 st

123 1765 297 1813 ruperint
314 1766 456 1806 nubem,
485 1767 687 1811 procellam
699 1768 856 1814 gignunt
874 1791 884 1807 ‚
908 1766 972 1803 rel.
989 1785 1030 1793 —
1045 1768 1092 1802 de
1107 1767 1323 1812 tempestate
1336 1769 1494 1804 terrestri
1515 1769 1566 1804 est
1576 1782 1637 1815 ap.

122 1815 235 1853 Liv.“
264 1814 287 1851 i.
306 1827 338 1850 e.
360 1814 407 1850 de
423 1827 539 1850 vento
559 1814 796 1857 vehementi,
818 1815 857 1851 in
871 1820 953 1851 a'e‘re
973 1814 1145 1851 inferiori
1161 1827 1202 1850 ac
1215 1827 1331 1851 terrae
1352 1817 1532 1863 propiori,
1555 1817 1635 1855 fine

121 1864 268 1903 tonitru
288 1863 381 1899 a'e'ris
398 1863 617 1911 superioris,
642 1865 746 1901 cuius
757 1865 820 1900 Gs.
843 1866 1064 1911 postremum
1078 1864 1142 1900 Gr.
1163 1865 1319 1900 habetur
1340 1867 1386 1901 de
1399 1867 1557 1904 Romulo
1577 1880 1637 1916 ap.

122 1914 242 1952 Dion.
264 1914 310 1948 H.
331 1912 366 1949 S.
390 1913 437 1948 T.
455 1925 484 1949 ι.
519 1925 532 1949 1
546 1920 601 1955 ¹8,
623 1926 681 1959 27.
705 1916 864 1960 χειμῶνος
875 1913 1166 1961 κατειρᾆγέντος,
1195 1913 1322 1951 nimbo
1341 1917 1540 1953 vehemente
1551 1930 1638 1954 cum

116 1962 279 2011 fragore
297 1961 458 1999 coelitus
477 1961 605 2012 effuso,
638 1963 685 1999 cf.
705 1965 783 2000 Liv.
811 1976 843 2004 1,
868 1968 942 2006 16.,
977 1964 1036 2000 led
1057 1965 1210 2010 Eutrop.
1236 1975 1265 2005 ι,
1293 1977 1324 2004 ι,
1345 1977 1379 2010 4·
1400 1976 1486 2001 orta
1510 1966 1636 2004 subito

125 2011 340 2061 tempestate,
368 2013 460 2047 Met.
480 2011 603 2057 χειμσὶν
615 2025 669 2052 7...
696 2026 767 2049 nec
788 2014 996 2060 reperiente
1019 2026 1099 2053 me,
1125 2025 1142 2048 a
1157 2025 1231 2059 quo
1243 2013 1376 2050 Noster
1394 2014 1540 2053 duxerit
1560 2016 1639 2052 for-

125 2063 261 2099 mulam
275 2061 324 2109 sq.
337 2071 409 2107 νεῷ.
427 2061 529 2107 0299„
558 2062 621 2098 ubi
641 2063 725 2098 Scb.
748 2063 858 2099 etiam
881 2064 1014 2100 deserit
1028 2064 1066 2098 1³.
1093 2072 1195 2108 nuso.
1211 2063 1370 2100 nubibus
1387 2065 1531 2108 comis,
1551 2065 1636 2111 ᾰθς.

126 2111 356 2159 congregatis
377 2112 485 2146 nub.“
515 2110 606 2147 nihil
627 2122 782 2149 tenente
803 2116 880 2159 Srp.
902 2114 999 2153 Th„
1023 2123 1133 2160 quarn
1157 2113 1194 2147 in
1215 2125 1249 2146 v.
1275 2115 1336 2162 Bg.
1359 2113 1439 2149 Lat.
1455 2138 1467 2155 ,
1497 2115 1565 2151 ubi
1587 2117 1636 2153 G.

126 2160 201 2198 Th.
226 2172 330 2200 που),
358 2171 436 2196 102.
460 2172 499 2196 et
520 2161 590 2197 ult.
618 2162 657 2197 it.
688 2161 726 2197 in
747 2163 848 2197 iubst.
878 2175 958 2199 cum
979 2164 1046 2198 Gr.
1067 2174 1103 2197 n.
1124 2173 1208 2204 478,
1229 2168 1272 2197 61
1312 2163 1474 2199 colleHae
1496 2178 1540 2201 ex
1561 2168 1637 2202 alto

127 2211 248 2246 nubes
257 2209 407 2256 foedam
424 2210 631 2257 glomerant
649 2210 883 2259 tempestatem
903 2211 989 2248 atris
1008 2211 1178 2247 imbribus
1197 2223 1217 2245 e
1240 2211 1345 2260 Virg.
1359 2237 1370 2253 ,
1397 2218 1446 2248 ct.
1462 2215 1569 2261 N.sq.
1589 2214 1636 2251 ad

127 2275 251 2301 σκηπτ.
271 2269 309 2295 et
326 2261 537 2305 exemplum
555 2260 823 2296 recentissimae
842 2261 1093 2308 experientiae
1122 2260 1255 2301 limile,
1296 2262 1398 2306 quod
1425 2263 1639 2310 Ephemeri·

127 2308 194 2345 des
214 2307 309 2354 Lips.
329 2308 438 2345 huius
459 2308 548 2345 anni
567 2309 751 2347 LXXXIV
773 2310 949 2357 particula
971 2312 1066 2347 CVl.
1094 2322 1127 2355 p.
1153 2320 1235 2352 589.
1264 2309 1309 2345 fic
1338 2314 1500 2349 retulere
1528 2316 1638 2354 „Das

126 2356 236 2403 Dorf
248 2358 399 2393 Zb'beriz
419 2360 542 2394 warde
561 2372 619 2394 am
641 2372 681 2404 25
704 2360 821 2407 dieses,
848 2360 1104 2406 Nachmittags
1119 2360 1209 2395 nach
1220 2360 1305 2406 drcjy
1326 2362 1416 2400 Uhr.
1441 2374 1514 2399 von
1528 2365 1638 2400 einem

127 2407 387 2443 Wetterstrahl
413 2419 476 2444 aus
500 2408 599 2444 einer
626 2409 750 2445 hellen
775 2408 915 2451 Wolke,
950 2410 1048 2445 ohne
1069 2410 1185 2457 Regen
1212 2411 1287 2445 und
1310 2411 1468 2448 mehrere
1488 2413 1639 2450 verber-

121 2458 278 2506 gebende
297 2458 379 2492 oder
387 2457 560 2505 folgende
578 2459 724 2494 Donner
741 2458 935 2508 betroffen,
958 2460 1055 2497 ιαμ(

179 2508 335 2552 σεισμοῦ)
364 2507 486 2542 Altera
506 2522 631 2551 προσγ.
650 2507 758 2544 Ιεξὶίο
781 2507 841 2544 hic
861 2508 910 2544 est
936 2522 956 2544 e
976 2509 1123 2545 solenni
1151 2509 1189 2544 in
1215 2522 1270 2556 pr.
1286 2509 1353 2556 πςδ
1382 2522 1420 2547 et
1446 2510 1530 2558 πρὸς
1550 2526 1639 2551 con.

127 2554 298 2597 fusione,
330 2566 372 2591 ut
403 2556 463 2591 vel
487 2557 607 2593 sensus
637 2558 783 2599 suadet,
820 2570 903 2593 cum
926 2556 1019 2594 nihil
1039 2558 1289 2605 praecesserit,
1327 2562 1368 2595 ad
1388 2563 1490 2608 quod
1519 2574 1639 2601 terrae

129 2617 253 2641 motus
275 2607 478 2642 accederet.
516 2619 557 2641 ac
578 2608 656 2653 post
679 2607 780 2654 quod
812 2608 875 2643 ille
901 2606 1026 2645 lieren
1063 2620 1218 2644 tenente
1239 2610 1335 2656 vulg.
1358 2622 1439 2646 cum
1464 2612 1551 2648 Mss.
1574 2613 1639 2650 rei.

127 2655 240 2691 etiam
261 2657 297 2692 Ρ.
316 2655 468 2702 oblique
491 2668 555 2702 per
566 2656 866 2703 contractamque
883 2658 1094 2692 orationem
1107 2669 1145 2694 et
1163 2660 1308 2704 copiam
1330 2659 1450 2695 Nostri
1466 2660 1503 2696 iu
1520 2675 1638 2700 unum

128 2704 243 2739 modo
263 2705 412 2740 verbum
434 2717 486 2751 pr.
506 2710 647 2750 προῦστη
682 2706 782 2742 uude
805 2706 920 2741 libere
939 2707 1103 2743 additum
1132 2706 1373 2757 restringendi
1394 2710 1475 2745 adv.
1497 2721 1639 2749 lantum

128 2754 194 2803 Bg.
211 2753 331 2793 servat
354 2752 429 2791 line
450 2754 680 2799 necessitate,
701 2767 780 2794 non
798 2755 889 2794 item
901 2756 985 2794 sch.
1009 2769 1156 2805 „quum
1167 2766 1426 2797 terraemotus
1442 2761 1639 2810 σηπιῶν-
