1798 3163
581 137 753 184 LIBER
771 139 807 183 Ι.
846 137 970 185 CAP.
991 139 1026 182 Ι.
1506 151 1531 181 2
1545 151 1572 194 9

65 252 356 325 πςεσβότεςοι
377 254 431 323 τῇ
455 254 658 323 ἐμπειςίᾳ,
671 265 693 289 0
716 254 799 303 τῶν
835 254 967 322 pasto
988 265 1122 304 aetate
1134 255 1313 321 quidem
1323 253 1577 322 proueffio-

153 364 193 408 ο)
219 365 299 396 Mss-
320 372 388 395 tres
405 366 454 395 3⁸2
471 365 524 398 τῆν
542 366 694 406 ἱμπειρίκν
710 365 766 395 τῶν
783 374 837 407 πρ.
864 372 898 394 v.
916 359 962 393 N.

49 429 103 483 'in
122 444 299 486 modum,
324 442 398 480 ficu
415 453 458 480 vt
476 442 649 480 nondum
668 442 848 480 tentanda
866 439 908 479 fit
926 440 1037 478 lestio
1058 441 1155 490 vulg.
1166 450 1179 484 ,·
1208 453 1292 479 cum
1302 452 1374 478 nec
1385 441 1426 479 P.
1446 442 1488 480 in
1502 455 1574 480 no·

59 507 122 532 vas
141 505 261 543 partes
280 493 466 531 decernat.

112 550 142 582 οἱ
160 545 235 590 μὲν)
261 540 392 580 Causas
413 542 577 578 diuersae
598 542 707 579 Rom.
726 540 871 587 imperii
890 540 1065 587 fortunae
1083 539 1222 588 repetit
1250 553 1270 576 a
1288 540 1431 578 diuersa
1450 546 1574 579 aetate

58 593 338 641 imperatorum.
393 593 450 628 De
467 590 663 629 senestutis
683 590 882 638 prudentia
899 591 1077 639 quaedam
1101 590 1258 638 collegit
1279 590 1372 628 Prie.
1389 592 1434 628 ad
1454 593 1572 638 Apul,

59 643 144 680 Mil.
155 644 201 678 V.
226 650 355 690 p.283.
409 639 582 683 Causam,
616 653 679 677 cur
701 639 864 678 seneclus
885 640 1084 688 prudentia
1105 640 1272 684 excellat,
1310 638 1470 687 inquirit
1489 641 1574 678 Ari-

59 692 144 734 stot.
170 691 291 729 Probi.
309 691 333 728 s.
354 700 408 736 30.
437 703 476 726 n.
500 701 530 735 ς.
557 691 674 727 Leisn.
1480 726 1482 728 ,

162 740 240 790 Qu
257 752 296 778 et
314 740 360 776 ad
382 753 429 776 m.
448 741 522 776 Ox.
547 739 654 782 ‚‚Cic.
673 738 720 774 de
737 737 814 775 sen.
839 751 870 775 c.
883 742 944 775 6.“
968 737 1029 775 vbi
1051 738 1136 775 sane
1156 739 1337 787 quaedam
1352 737 1438 776 sunt
1455 739 1502 779 de
1512 739 1574 777 se-

59 791 172 830 nibus
192 789 440 827 etiuuenibus
453 791 529 826 huc
547 787 794 836 pertinentia,
815 800 856 825 vt
874 787 960 824 alibi
982 788 1062 829 alia.
1094 786 1145 824 cf.
1161 789 1207 825 ad
1227 788 1300 824 adi.
1318 801 1478 834 nemum
1495 801 1570 826 acc.

55 839 135 883 rei,
157 838 323 889 oppress'a
341 844 452 881 κατὰ,
480 838 597 875 fimile
615 850 673 885 ap.
694 840 801 873 Dem.
825 837 902 874 fine
922 839 1005 875 Ind.
1028 843 1111 882 586,
1134 849 1166 873 1.
1193 836 1376 882 τιῗν-ιῖλ.-
1396 835 1571 881 νεώτατοι,

58 902 171 939 quem
201 901 275 926 acc.
305 900 386 924 non
415 889 510 924 bene
530 898 653 925 tentat
672 887 780 934 Tayl.
805 887 851 922 ad
870 889 957 936 Lyc.
978 889 1042 923 Or.
1063 888 1105 922 R.
1127 887 1173 922 V.
1194 899 1228 930 4.
1258 900 1291 936 p.
1320 891 1401 924 166.
1436 889 1487 925 N.
1509 892 1573 932 76.

58 940 131 978 hoc
148 950 284 989 genere
302 948 344 975 vt
361 948 533 986 augeatur
554 938 593 973 L.
612 935 690 972 Bos
716 937 781 971 ΕΗ.
804 949 837 983 p.
861 948 943 981 512.
963 949 995 972 e.
1018 936 1059 972 it.
1080 937 1160 983 Stp.
1179 936 1254 971 Th.
1276 949 1308 978 1,
1333 949 1437 982 ¹45¹·
1468 938 1515 974 G.
1538 950 1572 975 e.

60 999 97 1037 3,
119 1001 198 1035 545,
220 989 261 1024 C.
281 1000 334 1028 e.,
362 987 424 1023 vbi
445 997 591 1023 tantum
619 984 772 1028 ‚,Aesch.
793 982 1014 1031 πρεσβύτεροι
1033 989 1110 1027 ταῖς
1132 983 1297 1029 simutant,
1320 997 1440 1022 aetate
1461 988 1573 1024 maio-

60 1043 146 1075 res⁸‘
164 1038 207 1075 R.
220 1038 283 1073 Or.
303 1037 348 1072 V.
363 1045 395 1082 3.
417 1046 546 1079 p.210.
565 1047 619 1076 e.,
643 1033 706 1080 qui
725 1033 776 1070 est
797 1035 866 1070 abl.
888 1034 969 1081 syn.
993 1037 1052 1082 ὃς.
1076 1046 1098 1069 e
1116 1034 1178 1078 P„
1206 1034 1267 1071 vbi
1289 1047 1328 1071 et
1349 1044 1430 1080 ²3¹·
1451 1048 1482 1071 e.
1508 1035 1572 1079 τήν

60 1084 137 1133 ἶψιν
156 1085 329 1132 λαμπςός,
356 1093 434 1131 314.
447 1095 496 1120 m.
521 1083 676 1128 καθαιρδς
697 1087 761 1124 τὰς
780 1087 902 1129 χεῖρας
921 1094 961 1119 et
981 1087 1061 1127 316.
1081 1096 1130 1120 m.
1155 1089 1202 1120 τῖε
1229 1081 1374 1130 σώματα
1394 1081 1480 1122 οὕτω
1502 1089 1573 1122 δια-

57 1142 245 1181 κειμένους,
271 1140 329 1171 καὶ
349 1133 410 1176 τήν
425 1131 538 1177 ψυχὴν
557 1132 642 1170 οὕτω
662 1128 858 1178 σῶφρονκς,
884 1132 1026 1168 3ᾰίεᾶὶο
1039 1132 1100 1168 hic
1119 1132 1223 1169 subst.
1244 1133 1299 1177 ἧλ.
1313 1157 1324 1175 ,
1352 1134 1391 1169 in
1409 1133 1574 1170 notione

55 1183 252 1224 vniuersa,
277 1182 391 1231 magis
411 1195 454 1219 ex
478 1180 671 1221 libertate,
700 1193 809 1229 quam
829 1182 879 1218 ob
905 1181 1182 1231 ambiguitatem
1206 1193 1245 1220 et
1264 1183 1372 1219 aliam
1392 1183 1468 1218 vim
1495 1182 1570 1219 adi.

53 1249 115 1281 πρ.
131 1229 411 1280 tropicamque,
443 1229 495 1267 cf.
517 1231 600 1279 Stp.
625 1230 651 1266 l.
678 1230 724 1273 l..
758 1229 822 1267 sed
845 1231 890 1268 ad
910 1231 994 1268 Hes.
1011 1244 1045 1275 2,
1069 1241 1172 1273 1018.
1194 1232 1220 1268 i.
1252 1244 1333 1269 non
1354 1232 1441 1269 coll.
1464 1231 1570 1269 Suid.

0 1322 1 1330 ἵ
54 1292 93 1332 3,
118 1293 198 1325 17¹·
221 1293 271 1318 m.

54 1381 84 1419 S
104 1332 320 1417 τξξμῖειςίἱ)
333 1331 723 1416 ccoqiiperpfemmui‘&
745 1330 913 1417 τιένξίῗπζ
943 1329 1123 1416 Βεὶἱιωτιη
1141 1330 1270 1415 ροὲῐυς
1289 1341 1388 1416 asmat
1408 1330 1572 1419 HgIrtRii.

54 1391 268 1468 affluc'daitl.
292 1391 811 1477 fiaaffimpgttriiusofffflayveoeteni:
833 1393 1196 1468 sebsffgffierfigemnaip]
1221 1392 1463 1478 Ξιιέτὲιῖρέξε,
1479 1393 1517 1478 Ξ.
1533 1394 1573 1477 gr

55 1492 92 1524 7,
116 1492 147 1521 ι,
171 1491 224 1524 ¹4·
251 1490 287 1523 7,
307 1491 342 1520 2,
366 1491 420 1517 n.
466 1479 564 1527 Ergo
579 1479 758 1517 defendet
777 1492 952 1516 numerus
967 1480 984 1515 .²
1019 1482 1135 1516 lmmo
1155 1491 1252 1515 mera
1265 1479 1376 1527 glossa
1389 1480 1452 1521 est,
1466 1480 1574 1517 dusta.

53 1529 120 1568 illa
147 1529 206 1565 vel
231 1541 252 1565 e
273 1528 366 1565 locis
393 1527 623 1570 monstratis,
665 1529 725 1565 vel
754 1542 774 1564 e
801 1529 980 1576 sapientia
1006 1529 1170 1569 librarii,
1204 1529 1369 1566 volentis
1395 1531 1572 1567 adiuuare

11 1573 15 1578 ¹
53 1577 231 1617 lestorum
252 1577 556 1628 intellIgentiam,
581 1590 625 1613 ex
642 1589 720 1615 arte
739 1578 960 1615 resoluendo
979 1578 1050 1615 abl.
1070 1591 1136 1625 per
1148 1591 1271 1627 praep.
1290 1580 1465 1625 aliquam,
1487 1591 1570 1616 non

54 1639 213 1665 tenente
230 1628 309 1675 Stp.
329 1627 401 1665 Th.
431 1639 548 1664 totam
567 1625 765 1664 formulam
780 1653 791 1668 .
825 1629 887 1665 sed
908 1627 994 1665 Zos.
1011 1640 1045 1673 4,
1069 1641 1129 1673 42,
1153 1640 1184 1673 ς.
1208 1645 1266 1675 πρ.
1287 1633 1312 1666 ἐ.
1330 1635 1487 1675 προέχειν
1503 1637 1572 1666 τῶν

53 1674 186 1719 ἄλλων,
211 1677 278 1724 vsu
300 1689 419 1714 rerum
438 1676 622 1726 praestare
638 1678 813 1718 caeteris,
840 1677 914 1714 fine
933 1678 1034 1714 artic.
1051 1685 1139 1718 τῶν,
1167 1689 1208 1714 vt
1224 1678 1467 1717 ao-Nostrum
1488 1687 1521 1719 8,
1534 1687 1570 1718 8.

56 1737 92 1769 ς.
113 1741 167 1768 e.,
191 1725 268 1762 fine
287 1726 498 1763 discrimine
517 1727 579 1762 hic
599 1726 756 1768 adiecto,
779 1738 820 1764 vt
834 1740 891 1775 ap.
912 1728 1000 1763 Luc.
1018 1739 1048 1768 1,
1066 1738 1151 1771 7¹0.
1171 1727 1258 1774 l.53.
1279 1731 1307 1764 ἐ.
1325 1734 1390 1765 τῶν
1409 1744 1492 1774 πμ,
1512 1740 1571 1763 re·

55 1789 135 1816 rum
155 1775 316 1824 peritia,
343 1776 405 1811 vbi
427 1776 520 1811 alter
535 1775 639 1811 artic.
664 1775 774 1816 defit,
797 1789 816 1811 a
830 1776 966 1813 Nostro
987 1776 1190 1825 expressus,
1216 1775 1266 1813 cf.
1287 1777 1368 1814 Ind.
1388 1777 1512 1813 Thuc.
1531 1787 1570 1813 et

55 1825 181 1872 Geop.
196 1847 206 1865 ‚
235 1824 423 1865 absolute,
450 1823 510 1860 sed
531 1836 614 1861 cum
635 1824 716 1861 casu
747 1825 875 1874 aliquo
897 1826 934 1861 in
957 1827 1087 1868 Dem.,
1113 1826 1175 1862 vbi
1198 1836 1238 1863 et
1255 1838 1321 1874 per
1338 1825 1569 1874 periphrasin

56 1871 147 1920 „niv
169 1878 205 1910 ἐκ
221 1881 286 1911 τῶν
308 1888 369 1920 νς.
389 1879 584 1917 ’γιγνομένην
601 1877 709 1916 ἐμῆ-Ἀ·
732 1886 801 1921 pro
819 1887 941 1911 textus
964 1874 1072 1923 ipfius
1091 1880 1127 1913 ἐκ
1146 1892 1180 1913 τ.
1203 1880 1367 1924 πράξεων,
1393 1879 1457 1926 Bg.
1480 1888 1572 1924 prae

54 1925 98 1961 P.
123 1922 343 1970 diligentius
366 1922 534 1958 seruante
552 1922 656 1957 subst.
678 1922 717 1958 in
732 1939 766 1958 τ.
787 1928 867 1969 ε’μπ.
880 1950 891 1966 ,
926 1924 986 1961 sed
1005 1924 1120 1961 libere
1140 1936 1263 1962 tamen
1284 1924 1360 1962 duo
1378 1925 1484 1963 subst.
1504 1925 1568 1961 ad-

55 1972 209 2010 hibente
232 1984 299 2019 pro
319 1971 384 2007 Gr.
409 1982 504 2011 vno,
529 1970 642 2018 magis
662 1984 705 2007 ex
725 1970 811 2013 vsu,
846 1973 1007 2021 opinor,
1042 1974 1146 2016 Lat..
1183 1987 1294 2022 quam
1315 1976 1418 2023 quod
1443 1973 1569 2021 displi-

55 2032 159 2059 ceret
175 2021 420 2070 experientiae
448 2019 588 2062 solum,
614 2020 664 2056 cf.
685 2021 728 2056 G.
749 2021 823 2057 Th.
844 2034 929 2058 cum
949 2021 1013 2057 Gr.
1035 2033 1072 2057 n.
1088 2048 1099 2065 ,
1131 2035 1171 2059 et
1189 2023 1272 2059 Niz.
1287 2046 1297 2064 ‚
1325 2025 1426 2071 quod
1448 2036 1568 2060 vnum

54 2070 283 2110 sufficiebat,
309 2081 374 2106 aut
392 2069 484 2105 istud
496 2070 561 2106 Gs.
581 2079 691 2111 ante,
717 2071 819 2117 quod
840 2082 878 2107 et
890 2083 945 2118 ap.
963 2072 1045 2108 Sch.
1079 2084 1227 2114 „rerum
1248 2071 1568 2121 negotiorumque

38 2119 216 2171 'perieia“
250 2127 287 2155 et
315 2119 416 2155 forte
442 2118 674 2166 respondens
696 2122 762 2158 Gr.
785 2120 964 2162 exaaius,
1004 2121 1048 2156 ab
1075 2132 1198 2168 eoque
1221 2121 1381 2165 fastum,
1416 2135 1456 2159 et
1482 2122 1567 2159 aliis

53 2170 265 2217 vsurpatum
284 2170 421 2215 Inttp.,
452 2167 501 2204 cf.
517 2167 619 2205 Suid.
643 2169 723 2205 Ind.
743 2169 862 2206 Thuc.
883 2181 922 2206 et
939 2169 1019 2206 Ael.
1036 2171 1079 2206 V.
1103 2171 1161 2213 h.‚
1198 2170 1413 2219 duplicante
1433 2182 1566 2209 contra

52 2220 93 2258 P.
112 2231 196 2255 cum
223 2217 308 2254 Sch.
337 2217 488 2255 alterurn
519 2216 620 2254 subst.
649 2234 730 2264 ny..
761 2219 804 2255 ad
831 2219 1030 2257 notionem
1050 2218 1151 2256 forte
1171 2219 1420 2258 definiendam
1445 2220 1567 2270 magis

54 2279 117 2306 aut
135 2268 286 2304 liberam
307 2267 588 2315 relinquendam
602 2290 612 2307 ‚
639 2278 721 2304 cum
734 2293 744 2311 ,
770 2279 810 2305 vt
832 2271 911 2305 Lat.
930 2282 1000 2311 res,
1029 2269 1173 2306 dicatur
1192 2272 1247 2305 vel
1263 2271 1432 2307 vniuerse
1445 2271 1491 2308 de
1505 2271 1566 2312 iis.

51 2329 147 2366 quae
168 2314 264 2353 fiunt
282 2328 320 2354 et
337 2326 520 2364 geruntur
538 2317 582 2352 ab
600 2315 818 2355 hominibus
841 2329 879 2355 et
895 2318 996 2356 inter
1014 2318 1202 2360 homines,
1228 2320 1286 2356 vel
1309 2321 1487 2367 peculiari
1510 2333 1567 2357 ra·

51 2366 160 2405 tione
180 2366 226 2403 de
244 2365 351 2402 rebus
370 2367 472 2412 publ.
486 2364 531 2401 'ac
551 2364 643 2413 reip.
663 2368 849 2416 negotiis,
884 2368 1156 2416 omnibusque,
1187 2380 1284 2417 quae
1305 2381 1394 2417 pace
1412 2370 1438 2407 s.
1458 2371 1562 2408 bello

49 2426 231 2467 aguntur,
257 2414 304 2450 cf.
324 2415 403 2461 Stp.
424 2415 496 2452 Th.
509 2425 542 2462 3,
568 2426 645 2459 529.
663 2429 695 2453 e.
725 2417 801 2455 Cas.
823 2417 866 2453 ad
889 2418 993 2454 Polb.
1017 2419 1065 2453 T.
1080 2429 1111 2454 1.
1139 2431 1174 2466 p.
1189 2430 1271 2465 472.
1292 2432 1340 2455 m.
1358 2429 1398 2455 et
1410 2419 1495 2457 Rsk.
1523 2433 1562 2467 p.

49 2478 88 2511 4.
115 2465 194 2502 Ind.
215 2465 324 2501 Dem.
350 2477 384 2512 p.
400 2467 482 2502 621.
503 2466 548 2507 i..
577 2465 626 2500 cf.
653 2476 737 2513 309,
758 2479 789 2511 9.
818 2468 940 2504 Thuc.
962 2479 1007 2504 ex
1026 2478 1060 2514 3,
1081 2476 1138 2509 28.
1158 2468 1180 2504 i.
1208 2480 1294 2505 cum
1314 2469 1464 2512 Schol„
1500 2471 1565 2505 cl.

49 2514 128 2552 Cicv
153 2526 193 2551 ct
213 2514 260 2551 G.
282 2513 354 2550 Th.
372 2525 407 2549 v.
431 2527 488 2551 res
507 2516 575 2552 Nr.
597 2527 653 2560 4.‚
679 2516 740 2553 vbi
767 2528 805 2554 et
841 2526 988 2565 „expevn
1007 2537 1047 2544 -
1075 2518 1297 2565 prudentia.
1334 2520 1570 2568 experiendo

49 2562 233 2601 collesta“
256 2563 318 2600 sed
337 2563 375 2600 in
391 2566 500 2612 perit.
522 2575 562 2601 et
578 2563 781 2612 vsusnihn,
810 2569 913 2615 quod
934 2566 1050 2608 iuuet,
1077 2578 1116 2604 et
1127 2570 1208 2604 lnd.
1223 2572 1336 2605 Corn.
1348 2570 1394 2606 N.
1421 2569 1567 2611 „vsu-

46 2612 254 2663 praestans.
282 2613 307 2649 i.
331 2612 586 2660 experientia¹‘
611 2615 660 2652 cf.
681 2617 785 2652 Cort.
810 2617 855 2652 ad
877 2616 963 2652 Sall.
985 2618 1064 2654 Cat.
1086 2628 1122 2661 7,
1143 2632 1178 2662 4.
1199 2628 1238 2653 et
1258 2618 1341 2656 [cxc.
1371 2631 1406 2667 p.
1427 2628 1510 2666 398.
1529 2626 1566 2662 b,

48 2675 100 2700 m.
113 2687 125 2704 ‚
150 2662 334 2708 vesensus
353 2662 520 2701 videatur
533 2687 544 2704 ,
571 2663 735 2702 seniores
755 2666 852 2701 bene
870 2677 909 2702 et
929 2665 1052 2702 vixisse
1069 2677 1108 2703 et
1125 2665 1328 2715 imperasse,
1355 2662 1456 2717 quia,
1486 2686 1565 2713 me-

47 2711 120 2750 lius
138 2711 177 2748 id
200 2712 270 2750 esse
291 2724 330 2750 et
348 2711 473 2750 venius
493 2713 539 2749 nd
565 2711 827 2752 iucundiorem
847 2715 960 2752 vitam
982 2715 1207 2765 feliciusque
1231 2728 1269 2753 et
1298 2718 1416 2756 tutius
1443 2721 1564 2771 impe-

48 2760 145 2802 rium
158 2785 169 2807 ,
192 2761 465 2814 cognoscerent
481 2775 502 2802 e
520 2763 659 2804 notitia
677 2776 797 2806 terum
818 2766 1063 2806 humanarum
1084 2776 1126 2806 et
1145 2765 1310 2811 historia.
1349 2769 1408 2808 vel
1427 2780 1480 2810 ex·
1496 2774 1559 2812 ad.
