1772 3158
190 117 363 164 LIBER
379 117 409 160 I.
445 115 566 160 CAP.
586 115 680 158 XII.
713 115 764 158 A.
785 113 841 156 V.
865 113 912 158 C.
937 127 1044 172 942.
1083 114 1221 158 CHR.
1242 113 1305 158 N.
1333 122 1437 176 189.
1514 133 1566 178 51
1584 131 1602 162 1
1639 129 1646 133 ·

95 229 206 304 πξὸς
240 230 544 296 ὡπλισμένους
591 235 677 280 καὶ.
704 225 835 296 πεζοὶ
871 250 1034 298 nempe
1071 237 1246 281 armatis
1299 247 1342 282 et
1388 236 1610 302 pedestres

93 307 204 377 πρὸς
217 310 385 361 ἱππεῖς.
423 307 584 376 ‘egen-'ric
599 299 833 368 δἐγενσμέ-
869 308 1104 372 equitibus,
1215 315 1364 364 Quare
1425 315 1471 358 in
1539 312 1612 359 fu—

95 405 189 445 vng,
222 386 410 457 ἔφευγον
435 382 458 415 b
495 385 553 433 εἰς
587 377 657 433 τὴν
687 378 832 432 πέλεν,
870 401 971 445 gam
1034 383 1140 430 versi
1204 397 1364 449 petunt
1435 388 1609 438 urbem.

93 459 324 526 ἐφθείξετσ
339 454 389 506 δὲ
408 457 428 506 ὁ
449 451 583 522 δῆμος
598 467 626 514 0,
650 453 828 518 οὐμᾶνον
875 475 952 514 14.
1001 461 1173 507 Peribat
1212 473 1357 508 autem
1411 463 1610 527 populus

93 530 406 598 flamo'fasvogd
437 528 525 580 ὑπὸ
542 533 624 580 τῶν
647 551 828 599 fga-tm·
865 553 956 582 non
1003 548 1174 583 tantum
1205 537 1357 584 iaculis
1400 538 1608 594 militum,

185 661 224 706 b)
251 664 334 696 MSS·
352 662 414 693 Ve.
435 671 472 692 ac
490 661 545 693 Vi.
565 663 678 698 ἵωυγον
698 669 730 693 λ.
754 671 786 692 ν.
801 658 846 691 N.
918 665 947 699 c)
974 661 1115 692 Comma
1134 662 1197 693 hoc
1213 662 1317 693 modo
1335 669 1406 693 erat
1423 660 1459 694 in
1476 661 1606 695 ΒΑΛ..

93 706 130 748 d)
154 708 236 739 MSS.
255 708 318 739 Ve-
337 717 374 739 ac
393 706 449 738 Vl.
468 709 648 745 βαλλέμενοι
667 724 704 734 ·—·
729 707 962 744 πατούμενοι-
977 708 1135 745 ἄθοῦμενοι
1153 715 1209 744 λ-,
1231 718 1266 739 v.
1282 707 1329 745 N,

94 819 212 856 onos.
233 820 258 855 s.
272 832 303 855 2.
327 832 362 867 p.
377 830 437 865 49.
450 819 475 855 s.
487 831 520 862 7.
534 833 566 857 e.
578 832 613 867 p.
630 825 704 855 126.
719 818 741 854 s.
757 827 790 860 8.
821 818 870 854 ib.
885 819 1028 866 Ioseph.
1040 827 1158 864 ²:²85·
1173 832 1219 855 m.
1234 844 1246 862 ‚
1276 819 1338 857 sed
1348 819 1502 859 aliunde
1512 833 1608 870 quo·

92 881 166 916 que
189 870 247 906 Sb.
278 869 361 906 Ind-
379 895 390 911 ,
425 882 499 907 una
535 881 619 905 cum
653 870 769 905 altero
800 865 925 911 ἔσπλος
953 882 974 904 e
994 869 1109 904 Dion.
1133 868 1237 911 Cas„
1279 870 1344 906 ubi
1371 871 1420 907 cf.
1438 875 1526 916 676,
1548 882 1610 908 20.

95 929 204 962 1039,
229 931 286 962 79.
316 931 400 954 curn
421 918 500 954 Ind.
526 920 621 954 Xen.
644 918 719 954 Pol.
740 929 778 953 et
795 919 883 966 Cyr.
910 919 973 959 Z.,
1008 918 1111 964 quod
1133 930 1203 954 utr.
1226 932 1284 965 ap.
1305 920 1353 956 G.
1374 920 1447 956 Th.
1464 920 1505 957 in
1527 923 1611 969 ssg..
1653 935 1655 937 ·

90 966 156 1005 sed
183 967 380 1016 „pedcstem
404 966 559 1014 πεζικδς,
586 968 610 1004 i.
624 979 660 1015 q.
684 967 823 1014 pedes“
841 978 882 1002 ut
894 966 1047 1002 Sch.hic
1066 969 1274 1013 „peditew
1293 968 1395 1005 secus
1407 981 1446 1004 ac
1456 972 1519 1018 Bg.
1533 984 1555 1007 e
1568 971 1612 1014 Ρ,

142 1027 270 1064 τροπῆς
291 1022 325 1054 δὲ
345 1023 442 1061 vsu.)
472 1018 559 1063 Leg.
588 1031 644 1061 γρ.
677 1011 729 1052 οἷν
751 1030 822 1060 vev-
849 1013 965 1051 Reisk.
987 1027 1046 1063 rut
1068 1028 1099 1056 1,
1125 1028 1179 1057 ιι,
1200 1029 1234 1059 9.
1255 1015 1279 1052 i.
1307 1018 1498 1068 corrigens
1532 1019 1612 1057 line

93 1065 220 1102 causan
256 1078 469 1112 quanquam
487 1067 551 1112 Eg.
573 1079 593 1101 e
614 1066 653 1100 P.
673 1077 827 1112 quoque
839 1069 876 1105 δὴ
899 1062 1024 1109 potius
1043 1063 1220 1109 exprimit
1241 1064 1401 1109 iterum,
1438 1068 1612 1105 deserens

93 1117 259 1153 eundem
281 1115 318 1150 in
336 1115 496 1150 formula
514 1129 569 1159 vg».
586 1129 657 1157 vysv.
673 1139 683 1155 ,
710 1114 758 1148 ob
778 1113 830 1160 sq.
850 1112 1025 1148 disertum
1041 1126 1072 1147 v.
1085 1117 1138 1157 ἐς..
1151 1138 1162 1155 ,
1188 1113 1253 1149 ubi
1273 1113 1398 1152 saltem
1418 1116 1612 1160 dedissem,

91 1174 275 1200 vertentes
294 1174 410 1199 autem
430 1174 552 1208 terga,
570 1163 788 1210 fugiebant,
815 1161 840 1198 s.
859 1161 971 1206 vezfis
989 1171 1064 1196 aut.
1085 1162 1212 1211 tergis,
1231 1162 1440 1211 fugiebant,
1466 1166 1511 1202 cf.
1524 1168 1611 1215 Stp.

93 1213 172 1248 Th.
199 1222 233 1258 3,
256 1216 359 1248 ι6ι6.
383 1213 421 1246 F.
442 1211 518 1258 sqq.
546 1224 637 1258 ‚,ap.
660 1211 782 1249 Thuc.
804 1210 934 1246 multis
955 1209 994 1246 in
1019 1210 1134 1252 locis,
1159 1222 1287 1258 τροπῆς
1305 1228 1402 1257 ’ἵεν-ν
1437 1227 1479 1252 Ut
1499 1227 1536 1252 et
1551 1229 1612 1263 ³9·

90 1261 250 1298 Herodi.
273 1262 295 1296 Ι.
312 1273 341 1296 1.
371 1275 426 1306 τς.
447 1264 482 1297 δὲ
501 1274 594 1303 γεω,
636 1257 764 1306 ἔφυγον
786 1265 830 1300 εἰς
853 1266 915 1295 >..“
943 1258 1020 1296 sine
1043 1260 1128 1300 Vs.‚
1163 1262 1223 1297 sed
1255 1274 1343 1300 cum
1364 1262 1527 1302 leffionc
1551 1266 1613 1308 al..

87 1312 153 1357 (ut
173 1323 227 1357 ap.
251 1310 336 1347 Poff.
362 1309 454 1345 Call.
476 1322 512 1356 p.
528 1313 609 1345 216.
629 1311 681 1356 e.)
704 1321 775 1355 qua
796 1309 842 1344 de
863 1308 961 1354 post3
988 1308 1127 1345 edente
1146 1310 1364 1348 ind.Thuc.
1384 1313 1501 1349 modo
1521 1315 1559 1350 in
1572 1327 1612 1352 ν.

86 1374 179 1406 quw.
203 1360 414 1407 exemplum
442 1370 484 1394 ex
505 1369 589 1402 295,
608 1364 664 1403 46.
701 1357 780 1404 ἄρτι
799 1368 860 1400 τῆς
879 1375 932 1405 ⁷?-
950 1373 1105 1403 γιγνομ..
1148 1360 1223 1395 illis
1245 1361 1388 1399 dudum
1412 1363 1451 1399 in
1479 1363 1611 1413 fugam

89 1409 290 1455 conversis,
314 1408 378 1445 ubi
398 1419 482 1443 cum
506 1408 606 1443 artic.
626 1407 703 1444 fine
723 1407 953 1448 discrimine,
988 1407 1036 1443 cf.
1056 1408 1146 1444 Luc.
1166 1408 1244 1446 tine
1264 1413 1343 1448 lnd.
1363 1425 1399 1454 2,
1419 1421 1477 1456 84.
1502 1414 1529 1449 l.
1548 1427 1610 1460 44.

90 1455 218 1504 ἔφυγον
239 1463 462 1499 ἐπικλίνει-,τες
481 1478 538 1494 -.
590 1466 650 1499 τῆς
666 1462 700 1494 δὲ
714 1474 767 1503 τς.
786 1459 946 1503 λαμπροῖς
959 1471 1051 1501 γει,
1081 1458 1259 1496 inclinata
1278 1460 1357 1497 acie
1362 1463 1549 1510 fugerunt
1557 1483 1610 1500 -.

87 1509 189 1546 Cum
207 1507 313 1563 effuse
333 1507 611 1554 iamfugerent.
641 1508 702 1542 ubi
724 1519 760 1540 v.
781 1503 884 1552 ἔφη.
905 1505 1157 1552 praemiffum,
1192 1521 1259 1556 pro
1281 1510 1404 1547 Nostri
1433 1512 1613 1560 postposi-

90 1569 156 1598 to,
184 1557 247 1593 sesl
268 1556 467 1593 normulam
488 1555 652 1592 versurus
681 1569 801 1597 eram,
828 1555 941 1602 faz‘la
960 1567 1077 1591 autem
1106 1558 1193 1605 suga
1211 1559 1347 1609 effusa,
1380 1572 1423 1598 ut
1443 1562 1522 1598 Liv.
1544 1575 1611 1610 per

89 1608 165 1644 hoc
202 1606 271 1643 adi.
303 1606 416 1647 dixit,
459 1605 506 1641 cf.
528 1605 575 1641 G.
591 1605 665 1641 Th.
696 1616 734 1642 et
760 1605 809 1642 de
839 1606 905 1641 Gr.
933 1604 1042 1641 su1›st.
1067 1608 1169 1642 Suid.
1193 1618 1224 1652 3,
1249 1619 1328 1655 508.
1348 1624 1382 1647 e.
1418 1612 1506 1647 Abr.
1532 1612 1611 1649 Dil.

91 1657 168 1692 Th.
193 1668 227 1702 p.
243 1661 323 1696 268.
344 1657 367 1691 i.
390 1667 429 1691 et
445 1667 530 1691 cum
549 1667 583 1690 v.
604 1659 708 1692 ποιεῖν
729 1667 793 1692 aut
815 1653 1022 1699 ποιήσασθαι,
1041 1657 1124 1692 Jnd.
1141 1658 1233 1694 Luc.
1256 1660 1376 1696 Dion.
1393 1661 1444 1697 H.
1458 1662 1494 1697 S.
1513 1663 1561 1698 T.
1578 1674 1609 1699 1.

90 1704 204 1744 Diod.
227 1706 262 1741 S.
289 1717 321 1745 ι,
345 1715 397 1746 ς7.
425 1705 449 1739 Ι.
471 1713 530 1748 48.
552 1716 635 1739 cum
657 1705 767 1739 Gem.
786 1705 839 1740 Pl.

137 1753 295 1798 ἔφευγον,-
327 1752 566 1796 l’erperarnin
578 1752 672 1789 Cod.
695 1752 832 1800 legitur
845 1750 983 1798 ἔφυγον.
1004 1754 1138 1790 Stroth.
1187 1757 1294 1803 Qae
1314 1758 1476 1801 novitas,
1494 1759 1609 1799 etiarn

89 1803 194 1852 supra
217 1803 255 1839 in
278 1805 358 1849 Stp.
378 1801 454 1838 Th.
478 1802 619 1847 prolata
641 1803 858 1838 memoriter
879 1804 1015 1839 iterum
1031 1827 1041 1843 ,
1066 1805 1128 1840 hic
1146 1804 1187 1841 in
1204 1808 1277 1841 alio
1301 1818 1494 1855 tempore,
1529 1822 1607 1848 aor.

90 1866 151 1896 2.,
186 1865 253 1900 pro
275 1850 401 1898 impf.,
442 1862 633 1887 recurrens
661 1850 823 1892 deinde.
860 1861 903 1888 ut
934 1852 1120 1888 contraria
1148 1866 1302 1900 quoque
1330 1857 1368 1893 in
1399 1858 1535 1895 eodem
1559 1871 1608 1902 ν.,

90 1899 260 1948 ἔφευγον,
290 1912 356 1948 pro
376 1897 525 1944 ἔφυγον,
558 1898 672 1937 fuerit
691 1911 753 1936 aut
772 1913 792 1935 e
813 1900 913 1946 lapsu
932 1899 1070 1937 librarii
1090 1902 1129 1938 in
1156 1904 1312 1947 litteris,
1348 1917 1413 1942 aut
1435 1920 1479 1944 ex
1502 1908 1612 1957 inge-

90 1951 183 1993 nio,
210 1953 258 1988 ob
281 1963 334 1996 pr.
350 1965 419 1994 γεν.
441 1948 538 1985 idem
560 1961 708 1996 tempus
732 1948 948 1992 infinitum,
984 1951 1089 1999 quod
1111 1963 1236 1989 tamen
1254 1966 1339 1991 cum
1356 1955 1465 2004 impf.
1493 1959 1609 1994 etiam

91 1999 180 2039 alibi
201 1999 397 2040 habemus,
433 1998 480 2034 cf.
505 2000 597 2036 Xen.
618 2001 705 2046 Cyr.
726 2000 768 2035 Z.
795 2011 825 2041 r,
847 2012 959 2044 4,20.
980 2013 1033 2043 e.,
1060 2001 1173 2038 dante
1192 2004 1256 2051 Bg.
1278 2004 1432 2042 tertium
1452 2006 1609 2054 aliquod

90 2050 171 2099 syn.
193 2060 362 2104 tempus,
389 2047 578 2094 praesens,
613 2061 634 2083 e
659 2049 698 2083 P.
721 2048 897 2096 quidem,
927 2048 990 2085 sed
1011 2050 1157 2088 deserto
1180 2051 1219 2087 in
1242 2054 1318 2090 Lat.
1333 2079 1345 2095 .
1372 2067 1440 2101 pro
1460 2056 1497 2092 se
1515 2069 1608 2093 con-

90 2100 191 2138 ferre
208 2109 246 2135 et
268 2110 339 2138 ire,
366 2096 414 2132 cf.
434 2098 480 2133 G.
500 2098 574 2132 Th.
593 2111 626 2133 v.
638 2110 692 2138 e.‚
717 2099 778 2134 ubi
798 2109 923 2134 tamen
945 2098 1029 2146 quis
1049 2099 1092 2135 ad
1111 2103 1260 2148 plenam
1279 2103 1477 2140 notionem
1490 2118 1524 2141 ν.
1539 2107 1608 2142 Gr.

87 2148 254 2197 tequiiat
284 2147 433 2196 aliquod
461 2146 567 2188 adm,
602 2160 635 2181 v.
658 2158 690 2180 c.
713 2147 905 2189 celeriter,
944 2147 990 2183 cf.
1013 2148 1084 2191 ib„
1127 2162 1212 2186 cum
1241 2151 1304 2188 Gr.
1324 2165 1362 2188 n.
1399 2154 1608 2203 ‚fugim—

89 2211 176 2235 cum
198 2196 303 2233 cursu
329 2207 366 2232 et
393 2196 583 2232 celeritate
605 2202 715 2243 (quae
743 2196 926 2234 formulae
951 2209 972 2234 e
994 2210 1119 2247 praep.
1141 2212 1228 2236 curn
1254 2201 1360 2238 [ubst.
1385 2215 1492 2251 pares
1519 2205 1605 2243 sunt

85 2249 212 2286 nostro
237 2246 338 2292 adv.)
360 2246 461 2282 abire
478 2257 515 2281 et
534 2247 717 2281 recedere.

137 2299 315 2342 ἐφθείρετο
337 2297 389 2336 δὲ)
416 2296 550 2331 lterum
570 2295 630 2331 hic
651 2294 783 2331 Noster
795 2295 946 2342 copulat
964 2298 1250 2336 enunciationes
1272 2301 1451 2350 deinceps
1471 2315 1537 2350 per
1553 2308 1603 2348 δὲ.

86 2346 191 2394 quod
210 2343 331 2381 rursus
354 2345 390 2380 P.
411 2344 534 2379 reddit
553 2357 620 2391 pro
639 2350 700 2386 τὲ,
726 2345 865 2381 addens
886 2344 988 2383 simul
1008 2348 1126 2383 libere
1147 2348 1228 2383 adv.
1250 2350 1322 2391 ibi,
1360 2365 1440 2388 non
1460 2365 1534 2390 tam
1554 2353 1602 2391 de

84 2396 174 2432 loco
189 2420 199 2436 ,
231 2406 340 2441 quarn
362 2393 407 2429 de
429 2404 620 2440 tempore,
649 2407 716 2441 pro
738 2407 784 2430 eo
808 2406 977 2441 ternpore
998 2397 1021 2433 s.
1045 2410 1087 2432 ca
1107 2396 1308 2440 occasione,
1337 2400 1600 2440 liberioridem

85 2444 129 2481 in
149 2445 213 2481 rel.
235 2443 344 2479 huius
363 2442 544 2491 regionis,
582 2457 602 2479 e
622 2456 697 2491 quo
728 2445 861 2490 partim
887 2445 971 2481 sch.
1001 2449 1194 2492 „populus
1226 2450 1302 2484 neci
1317 2451 1505 2487 dabatur«
1538 2452 1602 2489 sed

85 2495 167 2540 δερ.
195 2494 269 2529 Th.
292 2506 328 2537 4,
354 2501 431 2537 139.
451 2494 488 2527 B.
508 2505 540 2529 e.
568 2494 682 2540 „pals-
702 2496 764 2539 409.
782 2492 1001 2537 interimor,
1037 2495 1256 2533 interficior.
1308 2500 1464 2538 Herodi.
1491 2502 1515 2538 l.
1540 2509 1600 2537 1.“

85 2542 177 2579 hinc
198 2542 270 2578 fine
291 2543 353 2577 Vs.
374 2543 439 2583 al„
467 2554 537 2577 nec
557 2555 622 2590 per
640 2544 704 2591 ssg.
726 2542 881 2579 liberius
903 2557 923 2578 e
944 2545 1188 2592 consequenti
1203 2570 1214 2586 ,
1250 2558 1327 2591 quo
1346 2561 1384 2585 et
1401 2549 1461 2586 alii
1486 2563 1601 2589 utun-

86 2603 170 2633 tur,
197 2591 245 2628 cf.
269 2591 389 2627 Thuc.
410 2603 490 2635 502,
512 2601 570 2637 3²·
597 2592 678 2627 Acl.
698 2592 741 2628 V.
762 2593 845 2633 hm,
871 2606 923 2628 ιι.
948 2606 982 2638 p.
997 2606 1077 2638 547.
1104 2596 1392 2636 Abr.adAesch.
1409 2611 1442 2638 ι,
1457 2611 1538 2644 207.
1551 2616 1600 2638 m.

83 2641 173 2677 Hes.
199 2654 231 2684 2,
258 2652 353 2686 ¹503·
377 2653 446 2681 m..
472 2640 636 2676 vari-inte
654 2642 789 2677 Nostro
812 2654 875 2689 per
897 2642 1010 2688 simpl.
1033 2656 1100 2689 pro
1124 2646 1288 2693 compos.
1306 2661 1524 2694 1,9.11.e.‚
1550 2651 1599 2688 cf.

84 2689 157 2726 hoc
176 2703 255 2738 cap.
279 2688 312 2737 §.
327 2700 375 2730 18·
426 2690 499 2726 Sed
518 2689 555 2725 in
574 2689 626 2737 sq.
645 2696 724 2735 βκλ.
737 2691 823 2726 Sch.
850 2693 942 2739 „qui
960 2693 1223 2739 prosternitur,
1244 2695 1356 2741 ferro
1372 2699 1558 2745 conficitur
1578 2714 1599 2739 a

82 2739 288 2788 militibus“
313 2739 450 2789 partim
471 2751 491 2776 e
511 2740 551 2775 Ρ.
564 2764 577 2784 ,
607 2752 702 2789 quos
723 2739 859 2779 deserit
878 2746 964 2791 fig..
991 2742 1148 2781 redditis
1166 2744 1333 2794 particip.
1358 2746 1505 2787 duobus
1523 2751 1598 2799 pri-
