1772 3158
431 87 728 134 EXCVRSVS
761 87 845 132 AD
884 88 1028 132 LIBR.
1060 87 1095 131 I.
1416 92 1516 146 845

0 214 8 233 ι
47 199 234 238 unvenit“
257 197 298 235 in
317 197 384 236 Vs.
405 199 453 235 Τ.
466 210 497 234 1.
516 211 548 246 p.
568 210 646 242 ¹50.
674 209 752 242 2,·5.
774 198 798 234 i.
813 199 908 246 fines
925 197 1112 245 perpetuis
1130 198 1334 245 lllyriorum
1355 199 1531 240 incurfio-

0 260 3 276 ἒ
53 250 131 288 ibus
151 250 335 290 obnoxios,
366 247 532 294 neglecto
550 248 631 284 adv.
652 248 725 288 Aa,
750 259 789 283 et
806 260 839 282 v.
858 251 946 285 διατ.
967 260 1032 292 prr
1051 247 1121 285 adi.
1140 247 1235 283 illud
1249 251 1425 297 temporis
1438 265 1528 289 con-

43 299 123 335 inui
146 297 320 345 expreffo,
351 297 391 333 it.
414 297 606 345 i²lut.Krg‚
634 302 691 336 ηδ.
711 298 864 344 perficio.
915 297 1084 343 iungitur
1097 296 1302 344 participiis
1314 301 1529 344 verborum.

82 348 283 393 explicatur
303 359 366 393 per
389 346 492 387 adv.‚
517 352 674 392 πράττων
691 345 741 382 αἐἳ
769 350 939 386 διατελεῖ,
968 348 1109 391 {emper
1127 358 1170 380 ac
1189 357 1373 392 perpetuo
1388 351 1448 385 hoc
1474 350 1551 386 fa·-

0 407 6 428 ι·
47 408 109 432 ere
118 395 237 444 fidem
264 395 327 432 ubi
347 393 500 435 nescias,
525 406 649 430 utrum
659 394 796 442 semper
809 408 850 431 ac
867 403 964 442 perp.
984 406 1048 440 per
1068 394 1214 440 copiam
1237 393 1355 432 iunFta
1371 399 1529 439 reddant

0 444 8 476 Υ
53 457 141 480 num
161 445 240 480 adv.
262 443 334 485 ἀεὶ,
370 455 409 479 et
425 444 560 491 »πρίει
580 455 698 479 unum
716 456 750 478 v.
773 447 881 485 δια-μ,
908 455 955 483 an
966 443 1104 491 semper
1124 442 1308 488 pertineat
1329 447 1373 481 ad
1393 446 1460 489 αἐὶ,
1488 462 1531 489 et-

0 492 2 525 i
43 494 163 541 eliqua
181 507 223 530 ac
239 502 336 542 perp.
347 491 439 541 solet
458 492 504 526 ad
523 505 639 528 unum
658 504 691 527 v.
713 495 763 534 δ.,
800 494 902 539 quod
921 503 1012 528 tunc
1029 491 1213 529 redditum
1234 491 1279 528 fit
1306 496 1340 540 a)
1359 508 1425 541 per
1440 499 1525 535 adv.

3 540 7 545 '
33 552 157 592 verpet.
194 544 232 587 b)
253 540 442 577 interietta
460 554 503 576 ac
522 541 679 588 copula,
716 543 764 577 ob
784 541 835 578 ἀεὶ
855 541 925 577 iarn
946 540 1125 577 adieftum
1146 539 1301 584 diserte,
1328 556 1378 580 ne
1388 544 1529 595 semper

46 601 188 640 erpetuo
207 601 474 626 concurrerent
494 602 579 627 cum
604 589 807 637 tautologia
830 590 946 633 inani,
973 601 1011 626 et
1033 592 1068 636 c)
1086 590 1188 625 fimul
1210 603 1274 637 per
1293 594 1528 643 v.Lat.shlet‚

0 638 1 641 ’
123 642 172 683 11)
199 651 262 687 per
281 640 365 674 Vss.
379 640 422 674 ad
443 639 557 681 latus,
583 639 645 674 ubi
664 640 721 675 vel
742 637 930 675 omittitur
947 640 1161 675 alterutrum
1174 664 1184 679 ,
1204 637 1256 675 αἐὶ
1269 653 1335 678 aut
1351 645 1438 680 διατ.
1451 671 1462 686 ,
1484 656 1530 683 ut

45 702 82 737 ρ.
104 690 194 726 Luc.
216 701 248 730 π,
274 696 351 728 138.
372 688 395 722 l.
408 699 464 731 27.
491 693 543 725 ἀεὶ
562 691 727 726 διετέλουν
745 691 789 732 τῇ
809 693 866 732 μὲν
885 684 983 726 πόλει
1001 689 1174 732 δημοτικὸν
1193 692 1338 732 ἐμαυτὸν
1354 700 1529 739 παρέχων,

37 750 163 785 emper
182 738 383 786 popularem
403 749 462 773 me
481 738 518 772 in
541 736 690 773 civitate
709 737 892 786 praestit&
927 736 970 774 it.
991 747 1025 783 3·
1046 741 1127 779 416.
1148 737 1240 776 [82.
1263 738 1326 783 (cf.
1353 740 1427 777 fine
1446 745 1528 780 lnd.

0 813 4 822 .
55 800 115 825 en.
135 787 248 823 Mem.
267 787 303 821 S.
326 798 359 831 4,
379 798 412 830 5,
436 797 508 822 1.e.
526 785 585 822 ed.
605 786 676 822 Th.
700 785 746 820 V.
766 800 800 831 4.
819 799 853 832 p.
876 787 975 831 245.)
1003 786 1063 822 vel
1086 786 1303 832 exprimitur
1324 799 1530 839 Utrumque

0 849 2 869 ε
44 849 83 884 p.
103 837 192 872 Luc.
210 846 332 879 1,575.
352 835 376 872 Ι.
389 846 446 878 99.
470 831 504 875 ὃς
524 840 576 871 ἀεὶ
595 841 798 880 φιλοσοφίαν
816 841 855 872 τὲ
873 838 1056 882 θαυμάζων
1069 839 1289 874 διατετέλεκα
1306 849 1341 874 λ.
1363 842 1426 886 qui
1435 841 1530 877 sem-

50 898 89 922 er
109 886 164 920 ita
181 884 347 926 vixerim,
372 883 619 932 philofhpht'am
638 894 682 920 ut
700 884 926 925 adniirarer5
955 886 1015 920 ubi
1040 883 1208 919 redditur
1226 889 1280 922 ἀεὶ
1300 898 1366 932 per
1377 887 1530 938 semper,

46 945 63 972 t
83 947 116 970 ν.
137 938 166 970 ὃ.
189 947 252 981 per
271 935 350 970 Lat.
371 931 583 981 simpliciter
601 933 746 976 vivere,
777 932 839 969 sed
860 932 1094 982 participium
1112 934 1217 978 θαυμ.
1245 935 1444 975 resolvitur
1465 951 1530 986 pet

46 983 218 1020 articulas
237 983 314 1024 ita,
340 991 390 1018 ut.

121 1034 163 1068 111
184 1032 239 1068 his
259 1030 523 1067 sententiarum
548 1029 833 1077 versionnmque
855 1029 1028 1066 divortiis
1055 1042 1126 1067 nos
1154 1030 1307 1078 quidem
1347 1035 1382 1078 ι)
1403 1034 1530 1073 statui-

62 1094 124 1123 us,
156 1079 467 1128 praepositionem
488 1084 540 1117 &a
561 1081 600 1115 in
629 1092 662 1113 ν,
685 1084 771 1116 δια-ν.
795 1079 935 1127 aliquid
955 1079 1173 1128 fignificare,
1201 1082 1239 1125 2)
1262 1083 1466 1126 credimus,
1492 1098 1530 1121 ν.

43 1147 110 1168 rar.
131 1143 208 1166 non
227 1142 375 1170 vacare,
402 1128 472 1164 five
494 1127 652 1174 positum
672 1127 714 1164 fit
733 1140 818 1164 cum
839 1128 940 1165 nudo
962 1128 1128 1176 particip.
1145 1154 1155 1170 ‚
1188 1127 1265 1165 five
1283 1130 1394 1168 etiarn
1421 1133 1531 1171 fimul

72 1193 106 1215 m
137 1183 216 1216 adv.
239 1182 291 1215 ἀεὶ
316 1176 438 1213 diove
464 1177 644 1223 temporis
675 1178 870 1218 adim-ruo,
909 1179 946 1224 3)
964 1178 1162 1213 tribuimus
1191 1179 1307 1214 verbo
1336 1185 1424 1218 διατ.
1449 1183 1529 1220 vim

23 1229 124 1265 ‘iiam
144 1227 382 1268 continuam,
417 1226 478 1262 sed
500 1227 610 1273 paulo
630 1227 871 1272 ampliorem,
906 1225 1116 1263 dividentes
1136 1226 1409 1274 perspicuitatis
1437 1244 1529 1279 ergo

41 1290 169 1325 empus
189 1276 283 1311 istud
307 1274 531 1310 continuum
568 1279 602 1318 a)
620 1275 660 1310 in
687 1275 896 1311 universum
918 1285 957 1311 et
982 1274 1193 1314 infinitum,
1231 1276 1297 1312 ubi
1322 1277 1362 1313 in
1383 1291 1418 1315 ν.
1437 1283 1530 1318 διατ.

48 1326 206 1364 extendo
223 1323 395 1369 adhibeas
416 1325 492 1359 Lat.
515 1323 691 1371 quaedam
712 1323 814 1365 adv.‚
841 1335 880 1360 et
899 1323 973 1370 ipsa
994 1323 1163 1360 universe
1182 1322 1410 1373 infiniteque
1430 1330 1530 1367 sum-

41 1388 83 1419 a,
108 1387 152 1412 ut
167 1373 321 1422 semper,
349 1383 545 1420 perpetuo,
572 1372 784 1421 corstanter,
815 1373 855 1410 it.
877 1374 1035 1422 deinceps
1055 1384 1090 1408 et
1108 1374 1284 1417 continuo,
1310 1377 1421 1413 nobis
1440 1381 1531 1415 nach

20 1425 216 1465 einander,
262 1423 301 1467 b)
321 1420 361 1456 in
386 1419 605 1462 definitum,
643 1420 756 1469 idque
784 1422 942 1468 duplex,
977 1434 1021 1458 ut
1046 1422 1265 1469 respiciatur
1287 1426 1346 1461 vel
1377 1439 1531 1476 tempus

20 1474 124 1524 prius
144 1486 186 1509 ac
205 1469 465 1519 praeteritum,
499 1470 576 1517 (cui
595 1482 674 1517 apta
697 1469 767 1507 sint
789 1473 863 1507 Lat.
883 1473 1016 1510 adhuc,
1051 1469 1092 1507 it.
1115 1484 1292 1519 unquam,
1325 1473 1364 1510 it.
1385 1476 1465 1512 inde
1483 1479 1529 1513 ab

19 1525 139 1570 aliquo
160 1522 186 1558 s.
208 1522 254 1557 ab
274 1519 377 1556 omni
395 1522 577 1567 tempore‚)
595 1521 653 1555 vel
675 1521 850 1567 sequens,
878 1520 1068 1565 posterius,
1094 1519 1265 1558 futurum
1281 1533 1442 1570 tempus,
1465 1526 1532 1564 ubi

20 1571 189 1610 adhiberi
208 1578 347 1616 queant
367 1568 444 1603 Lat.
466 1569 603 1608 deinde,
633 1568 769 1615 postea,
792 1579 925 1617 porr0;
952 1581 1043 1615 quae
1061 1569 1189 1605 valent
1207 1570 1331 1607 omnia
1345 1572 1382 1608 in
1395 1586 1429 1610 ν.
1441 1577 1532 1613 διατ.

19 1620 83 1658 vel
101 1632 184 1655 cum
205 1617 371 1665 particip.
395 1616 475 1653 solo
489 1641 499 1657 ,
525 1620 581 1653 vel
600 1629 683 1652 cum
705 1617 785 1652 adv.
802 1623 877 1660 ἀεὶ,
902 1617 960 1652 vel
974 1628 1056 1652 cum
1076 1618 1252 1655 adiuncto
1263 1623 1442 1668 temporis
1456 1625 1530 1661 alio

21 1669 203 1719 quodam;
239 1665 330 1702 fient
347 1664 386 1702 in
410 1679 445 1702 v.
469 1670 554 1703 δικ-τ.
577 1665 651 1702 fine
668 1666 749 1702 adv.
769 1671 821 1703 ἀεὶ
842 1667 1054 1713 procedunt
1065 1678 1216 1714 quoque
1233 1670 1436 1717 compofita
1447 1675 1529 1712 Lat,

21 1718 203 1765 temporis
224 1714 417 1756 adverbia,
443 1715 553 1761 quale
570 1714 732 1751 nostrum
752 1715 856 1761 supra
874 1716 918 1752 ad
940 1713 1053 1751 Diod.
1073 1717 1187 1751 adhuc
1196 1715 1357 1765 semper,
1384 1719 1423 1756 it.
1436 1722 1530 1770 sem-

19 1778 87 1820 per
102 1769 239 1805 adhuc,
271 1764 310 1800 it.
334 1764 412 1810 Stp.
431 1763 505 1798 Th.
524 1765 684 1811 deinceps
700 1772 884 1812 perpetuo,
911 1774 950 1799 et
965 1765 1102 1812 semper
1121 1766 1300 1810 deinceps,
1329 1780 1395 1814 per
1417 1782 1533 1818 quam

19 1819 236 1856 libertatem
265 1813 379 1848 modo
410 1811 648 1860 perspicuitas
678 1812 848 1854 iuvatur,
892 1824 931 1849 et
956 1813 1090 1849 additis
1125 1814 1197 1849 istis
1226 1817 1402 1865 deinceps,
1444 1825 1531 1868 (pro

17 1867 162 1917 ¹postea)
185 1875 248 1900 aut
266 1863 397 1903 adhuc,
425 1860 654 1899 definiuntur
671 1861 785 1910 magis
799 1861 859 1898 illa
878 1861 1024 1898 infinita
1041 1862 1175 1911 [emper
1195 1875 1235 1900 ct
1248 1874 1426 1914 perpetuo.

123 1914 193 1952 Sed
214 1912 270 1948 his
292 1911 372 1946 adV.
393 1911 567 1956 oxmnibus
596 1911 782 1947 interdurn
807 1923 885 1946 non
906 1923 1002 1958 opus
1024 1911 1073 1947 est
1093 1911 1131 1947 in
1153 1923 1187 1947 ν.
1207 1917 1294 1950 3127--
1313 1915 1503 1955 reddendo
1517 1935 1530 1958 ε

21 1965 88 2004 sed
100 1963 284 2012 poss‘umus
295 1959 465 1996 contenti
476 1960 630 1996 ess‘euno
646 1960 757 1995 verbo
770 1961 896 2007 aliquo
907 1962 983 1996 Lar.
998 1985 1007 2000 ,
1032 1960 1238 2007 compofito
1252 1975 1273 1998 e
1285 1966 1525 2011 praepositio.

20 2026 72 2052 ne
100 2014 242 2060 aliqua,
275 2009 313 2045 in
341 2021 413 2056 qua
440 2007 483 2045 fit
505 2009 613 2045 notio
640 2009 702 2045 ina
721 2009 921 2052 continua,
954 2019 996 2046 ut
1018 2019 1251 2058 permanere,
1284 2013 1529 2062 perseverare,

16 2065 229 2103 traducere,
255 2057 471 2106 transigere,
502 2060 652 2106 exigere.

120 2111 270 2148 Scilicet
287 2108 438 2155 simplex
457 2113 578 2148 τελεῖν,
607 2119 750 2155 Praeter
766 2107 924 2154 reliquas
942 2106 1133 2149 notiones,
1159 2109 1273 2146 habet
1286 2111 1405 2158 primo
1419 2115 1529 2159 hanc.

20 2173 96 2212 qna
113 2161 163 2197 est
181 2159 308 2199 finire,
333 2157 358 2193 i.
376 2157 420 2192 ad
441 2155 554 2193 finem
574 2158 792 2203 perducere,
828 2156 887 2192 sed
908 2156 1042 2192 deinde
1061 2158 1171 2193 etiam
1197 2160 1307 2196 aliam
1328 2173 1396 2208 pro
1417 2176 1529 2212 agere

18 2219 61 2248 e't
81 2210 212 2246 facere.
262 2208 289 2243 E
310 2205 422 2253 priori
443 2206 689 2252 compositum
709 2207 773 2242 Gr.
798 2209 883 2242 διατ.
905 2205 946 2241 iit
966 2206 1114 2253 proprie
1135 2209 1209 2243 Lat.
1227 2211 1420 2257 perfinire,
1447 2226 1528 2260 quo

19 2261 69 2298 de
91 2261 138 2296 G.
160 2258 231 2294 Th.
254 2269 337 2292 cum
357 2255 423 2290 Gr.
453 2261 663 2295 „geria-satra,
699 2255 772 2302 i.q.
795 2254 942 2301 simplex
965 2253 1099 2290 finire“
1129 2257 1244 2297 τεὲῐες
1277 2259 1378 2295 unde
1398 2274 1438 2298 et
1457 2264 1527 2301 Gr,

20 2315 112 2350 διατ.
133 2306 225 2343 nihil
246 2305 382 2346 fuerit,
407 2315 515 2349 quarn
537 2309 667 2346 τελεῖν,
704 2314 743 2339 et
760 2304 797 2339 in
816 2316 848 2338 ν.
872 2315 1031 2349 utroque
1051 2305 1270 2349 praepositio
1291 2309 1384 2344 nihii
1408 2313 1527 2355 potest

20 2360 143 2396 valere
162 2368 201 2393 et
221 2367 365 2403 augere.
417 2354 488 2388 Sed
510 2354 547 2389 in
567 2358 650 2390 δικ-τ.
676 2365 692 2388 a
706 2352 808 2388 verbi
819 2357 928 2390 τελεῖν
949 2353 1108 2388 notione
1127 2354 1319 2398 posteriori
1340 2358 1529 2404 possumus

19 2407 99 2445 vim
119 2407 275 2452 atiquam
300 2401 583 2450 praepofitionis
606 2403 789 2449 cogitare,
814 2414 859 2439 ut
879 2402 917 2437 in
940 2403 1016 2437 Lat.
1041 2404 1182 2444 verbis,
1216 2415 1311 2451 quae
1328 2407 1451 2445 severe
1469 2423 1529 2447 re.

20 2457 228 2506 spondent,
263 2463 433 2501 peragere
452 2464 489 2488 et
503 2453 693 2502 perficere,
725 2462 810 2491 aut,
843 2463 936 2498 quae
956 2451 1070 2487 iibere
1095 2465 1136 2486 ac
1164 2465 1230 2498 pro
1251 2453 1329 2500 syn.
1359 2458 1524 2498 substitui

18 2505 93 2544 inis
115 2504 283 2553 poffunt,
319 2503 463 2550 exigere
479 2513 516 2538 et
537 2501 752 2548 transigere,
787 2499 828 2537 it.
848 2501 1011 2547 corficere
1033 2512 1069 2536 et
1091 2503 1300 2546 traducere;
1336 2517 1377 2540 ut
1406 2506 1446 2543 in
1465 2508 1526 2547 hic

18 2557 195 2597 omnibus
215 2553 257 2588 fit
275 2550 383 2587 notio
404 2551 514 2593 haec,
547 2562 617 2600 qua
637 2551 802 2586 dicamur
817 2549 958 2596 aliquid
977 2561 1099 2586 totum
1119 2562 1226 2600 agere
1249 2562 1287 2588 ct
1304 2552 1425 2592 facere
1438 2583 1449 2599 ,
1483 2571 1524 2595 ae

13 2605 130 2655 plene
150 2613 417 2649 perpetuoque.
721 2609 726 2615 '
943 2645 951 2653 ·

119 2653 221 2689 Hinc
238 2651 394 2687 nascitur
414 2649 514 2685 verbi
535 2653 620 2686 διατ.
638 2648 746 2684 notio
767 2647 829 2684 ina
847 2658 1050 2689 continua,
1075 2660 1114 2685 et
1133 2651 1405 2697 perpetuitatis,
1432 2667 1524 2693 con-

15 2703 173 2743 stantiae
195 2698 586 2747 communionisque,
611 2710 682 2736 nec
698 2697 811 2735 modo
828 2710 847 2734 a
868 2709 901 2734 v.
919 2701 1050 2741 nach,
1075 2709 1146 2746 pro
1166 2695 1297 2745 linire,
1322 2702 1378 2748 (in
1396 2715 1472 2752 quo
1485 2716 1523 2744 tt
