1798 3163
594 140 764 185 LIBER
781 139 816 184 I.
866 139 991 185 CAP.
1014 138 1050 185 I.
1555 146 1584 191 ‘5

82 254 410 318 σκοπήσαμτες,
455 252 637 303 λάθοιεν
660 255 696 313 f,
754 257 812 308 εἰς
852 275 921 314 ne,
958 257 987 304 fi
1009 254 1247 313 tacuissent,
1281 256 1465 303 laterent
1484 273 1590 320 pro-

79 330 149 380 τὸν
164 329 305 380 «ἰταλὸν
320 331 465 395 ὅμιλον
487 330 814 399 ἄξι’ἓμούμενω,
851 335 1034 381 miscuae
1064 333 1336 380 multitudini
1381 347 1594 379 annume-

78 409 154 465 ’ΐῆς
193 407 270 473 μὲν
329 407 553 462 ἀληθείας
617 409 656 454 ἐν
710 411 811 459 ταῖς
848 411 997 465 randi,
1028 412 1215 458 veritatis
1237 411 1284 455 in
1303 403 1591 455 enarrationi·

168 519 206 560 f)
234 517 298 549 Hic
320 516 443 548 nullibi
467 527 595 548 comm]
613 516 699 552 fuit,
733 527 767 546 v.
789 516 833 549 N.

75 610 155 634 non
173 597 264 633 item
288 599 433 645 Hoog..
460 597 565 634 cuius
585 596 817 634 severitatem
838 607 877 632 et
900 606 968 632 nos
988 595 1200 640 probarum,
1228 605 1266 631 et
1288 592 1424 640 partim
1443 592 1526 630 Sch.
1542 592 1588 629 ιἰι

74 647 131 685 ὅτ.
158 647 233 691 „1⁴³3
247 673 256 687 ‚
279 661 348 695 qua
372 645 514 682 ratione
535 659 623 688 non,
658 645 779 693 (quod
799 645 1011 692 ambiguum
1031 656 1069 680 et
1090 645 1285 681 obscurum
1307 646 1376 679 Ms.
1397 641 1587 679 Glossatot

69 697 189 732 vitare
209 696 398 739 voluerir,)
420 697 444 731 1'.
465 706 504 731 ut
527 708 612 736 non,
643 696 665 731 s.
687 709 751 735 ne,
776 693 840 739 (cf.
860 693 941 730 lnd.
962 694 1111 730 Xen.Z.
1134 695 1219 741 Cyr.
1234 719 1244 735 ‚
1273 693 1332 730 sed
1351 692 1407 739 in)
1426 707 1521 729 σιωπ.
1554 688 1586 725 fi

67 745 234 793 filug'ffi'nt
248 771 258 787 ,
284 746 308 781 s.
329 745 421 780 nihil
444 745 684 792 scripfiii'enffl
703 757 814 792 quam
839 744 879 779 in
906 744 1103 779 notionem
1124 743 1217 779 nihil
1238 756 1294 790 ap.
1308 742 1382 778 Th.
1403 744 1507 788 Sip„
1542 749 1585 776 et

72 797 139 832 Gs.
158 796 195 831 in
219 797 294 831 Lat.
318 798 399 841 Rg„
424 795 484 830 sed
505 795 545 832 in
562 795 644 831 Sch.
668 795 865 840 (utrinque
887 804 968 828 cum
991 795 1056 829 Gr.
1076 796 1132 833 n.)
1162 791 1453 835 „silent-Mulae
1489 791 1585 825 Var-

70 846 192 884 ranis,
230 845 250 880 i.
272 844 366 879 nihil
385 843 531 884 scribit,
568 843 662 880 nihil
683 843 761 879 edit
783 845 929 878 Varr0“
957 842 1004 878 cf.
1026 842 1201 878 'ild-Inst.
1237 853 1384 883 „tacere
1402 842 1443 876 de
1460 839 1583 887 aliqua

71 908 132 935 νε,
164 908 229 941 pro
252 894 343 929 nihil
363 893 546 929 scribere“
578 904 619 928 ut
648 904 687 928 ct
714 893 776 928 hic
795 891 918 928 Nostri
948 890 990 926 {it
1011 891 1196 937 peculiare
1215 890 1306 936 quid
1325 902 1364 926 et
1385 892 1486 928 Lat„
1511 884 1586 923 nist

70 944 144 980 huc
169 943 287 980 trahas
312 945 399 980 Luc.
416 955 448 984 2,
469 954 524 985 5¹·
553 943 573 977 l.
588 954 644 980 92.
665 937 841 983 cmaen‘ooee
858 939 948 976 αὐτὰ
966 952 1020 981 a„
1048 939 1208 976 tacendo
1229 941 1313 980 illa,
1341 940 1436 973 bene
1455 936 1501 972 {ic
1514 949 1584 984 pet

71 993 247 1041 gernod„
279 1005 354 1039 quo
384 992 444 1027 hic
473 990 640 1026 adhibito
672 1001 712 1026 et
730 990 894 1037 cogitato
914 989 954 1024 in
974 989 1061 1030 Gr„
1095 1000 1175 1024 non
1202 999 1299 1036 opus
1317 985 1361 1024 fit
1383 986 1456 1023 istis
1477 998 1584 1024 com-

70 1042 243 1078 maribus.

116 1090 264 1132 λάθοιεν)
291 1089 327 1125 Si
341 1091 422 1127 229.
444 1101 526 1125 cum
546 1093 602 1133 ἐς.
625 1101 705 1124 non
721 1087 873 1134 iungas:
907 1086 1189 1135 intelligendum
1209 1086 1295 1126 erit,
1321 1098 1376 1128 ne,
1393 1082 1583 1132 sttacuis-

67 1139 173 1180 sent,
200 1140 372 1176 laterent,
398 1137 422 1173 i.
447 1151 479 1174 e.
500 1138 683 1186 ignobiles
706 1150 744 1174 et
766 1137 909 1173 obscuri
932 1136 1072 1178 effem,
1098 1139 1223 1187 quippe
1243 1135 1308 1184 qui
1326 1136 1364 1171 in
1385 1135 1496 1182 vulgo
1515 1145 1583 1169 nu-

66 1198 317 1227 merarentur,
345 1187 370 1222 i.
392 1186 506 1235 aliqui
530 1201 550 1223 e
571 1188 683 1235 vulgo
703 1187 939 1223 haberentur.
987 1185 1145 1234 Alioqui
1164 1186 1301 1224 diflum
1321 1185 1392 1221 erit
1410 1186 1583 1229 Audistine-n

65 1249 111 1275 nt
129 1236 225 1274 infra
247 1236 459 1273 Commodo
481 1237 629 1284 quidam
651 1235 756 1277 dicit,
787 1234 899 1279 λήσεις
919 1233 1138 1279 ἀπολόμενος.
1188 1235 1261 1271 Sed
1279 1234 1363 1280 (ibi)
1387 1231 1582 1277 ἀπολούμε-

63 1302 118 1329 νος
136 1286 231 1322 male
254 1287 291 1323 in
313 1286 392 1321 aliis
414 1286 473 1322 ed.
492 1285 639 1335 legitur.
664 1286 777 1327 steph.
839 1289 879 1320 ln
899 1287 1044 1323 Graeco
1073 1284 1293 1334 ambiguitas
1315 1283 1494 1332 quaedam
1513 1281 1581 1318 esi:-

63 1336 142 1383 Ego
164 1336 330 1381 accipio,
367 1348 409 1372 ut
428 1339 516 1373 λάθε
536 1334 674 1379 βιώσας.
695 1336 813 1382 Bergl.
839 1335 859 1371 i.
873 1349 904 1370 e.
924 1334 973 1370 ita
995 1335 1101 1377 vive,
1137 1347 1179 1370 ut
1198 1333 1413 1383 incognitus
1427 1358 1436 1374 ‚
1473 1343 1516 1367 nt
1535 1329 1580 1368 in

63 1385 222 1426 obscuro
240 1397 396 1421 maneae.
446 1386 544 1433 Ergo
566 1388 653 1423 λάθε
673 1383 817 1431 ἀριθμόν
838 1401 922 1426 τινος
943 1389 987 1424 εἰς
1006 1400 1039 1420 τ.
1058 1402 1094 1421 π.
1119 1384 1173 1429 ὅμ.
1192 1384 1242 1419 ita
1260 1394 1294 1419 te
1315 1382 1392 1418 fine
1412 1393 1581 1416 annume-

62 1435 149 1471 rari
165 1435 294 1482 vulgo,
320 1446 362 1471 ut
381 1434 599 1483 incognitus
616 1447 771 1471 maneas.
823 1436 907 1470 Hoc
925 1445 1013 1482 ergo
1035 1433 1126 1470 dicit
1145 1433 1291 1473 anfion
1325 1445 1387 1473 ne,
1412 1431 1433 1466 sl
1457 1432 1578 1467 vitam

20 1502 27 1505 ⁴
61 1483 210 1520 filentio
231 1483 495 1532 τναιζίὲρξβὲηι,
530 1485 631 1526 (Sall.
656 1486 689 1521 b.
704 1485 786 1524 01,
807 1495 834 1519 ι.
860 1483 925 1519 ubi
949 1485 1053 1520 Cort.
1076 1482 1134 1521 ed.
1158 1482 1339 1527 transire,
1373 1493 1468 1528 quae
1498 1490 1576 1515 utr.

60 1533 220 1570 formula
241 1547 303 1581 par
323 1533 374 1569 est
392 1533 505 1580 privis
526 1534 649 1569 Nostri
673 1545 712 1569 et
730 1535 828 1574 Latt-
847 1544 954 1569 antea
976 1546 1005 1567 v.
1021 1533 1088 1572 V„
1123 1545 1160 1569 et
1189 1533 1235 1568 de
1253 1531 1346 1579 stylo
1369 1541 1408 1567 et
1427 1527 1578 1575 scriptis

61 1583 177 1629 accipi
199 1582 301 1626 licet,
324 1582 386 1620 sed
402 1581 577 1623 etlatius.
606 1594 720 1630 atque
739 1581 831 1617 adeo
849 1581 895 1618 de
917 1581 1125 1621 astionibus
1146 1592 1184 1618 et
1201 1580 1289 1622 vita,
1317 1579 1364 1616 cf.
1387 1580 1435 1616 ib.
1450 1578 1577 1624 Cort.)

52 1633 164 1680 fama
183 1631 295 1668 suain
315 1644 446 1680 magna
473 1633 647 1668 bominum
679 1633 784 1668 turba
810 1632 849 1667 in
876 1631 1033 1668 obscuro
1055 1640 1236 1672 maneret,
1272 1630 1370 1675 (Liv.
1397 1625 1512 1676 praef.
1532 1626 1577 1672 i.)

59 1682 357 1730 Ambiguitatem
375 1683 414 1718 in
436 1682 504 1718 Gr.
527 1680 617 1722 effe,
651 1683 714 1729 ssg.
736 1692 889 1718 monet,
927 1681 1013 1729 quia
1032 1685 1115 1719 1129.
1134 1686 1188 1726 ἀρ.
1212 1679 1330 1726 potest
1349 1677 1491 1724 accipi,
1529 1685 1576 1712 ut

62 1728 174 1773 λήσεις
192 1737 337 1776 &renou-
360 1730 456 1767 infra
482 1743 513 1772 ι,
533 1743 568 1774 9,
592 1743 648 1771 10.
683 1741 718 1766 te
745 1743 815 1767 nec
845 1732 1047 1778 opinantem
1068 1731 1225 1766 exitium
1244 1730 1430 1778 opprimet.
1495 1723 1576 1762 Sec!

62 1779 109 1816 fic
130 1780 285 1816 Herodi.
307 1793 386 1817 non
405 1780 554 1816 videtur
575 1780 610 1816 id
632 1779 747 1826 accipi
767 1780 931 1817 voluisse.
981 1782 1180 1816 Caeterum
1205 1778 1223 1815 ὅ
1241 1777 1343 1819 made
1364 1773 1477 1822 ὅμιλος
1491 1774 1577 1815 sunt

61 1830 188 1877 vulgus
208 1830 377 1876 ignobile,
403 1825 650 1874 φορτικῶτκτω
669 1829 863 1870 homines,
891 1828 1021 1866 abiesti
1045 1841 1085 1866 et
1106 1827 1262 1868 sordidi,
1293 1828 1316 1864 i.
1335 1841 1372 1875 q.
1386 1826 1474 1862 alias
1488 1835 1576 1862 πολ·-

0 1884 1 1931 ζ
62 1886 113 1915 λοὶ
133 1877 158 1914 s.
181 1883 209 1914 ot
227 1885 358 1919 oroma),
383 1891 416 1914 e.
436 1889 470 1926 g.
493 1877 581 1912 Luc.
604 1877 644 1913 in
664 1877 768 1925 Nigr.
782 1880 988 1925 c.4.(1‚42.
1010 1879 1034 1916 1.
1048 1880 1125 1926 47.)
1148 1878 1264 1914 Diod.
1276 1879 1311 1915 S.
1329 1876 1576 1920 1‚21.(1‚24.

0 1938 1 1950 ¹
63 1927 85 1963 Ι.
106 1929 181 1971 77.)
201 1925 282 1962 zos.
308 1939 339 1966 ι,
366 1937 397 1970 5.
420 1939 451 1962 e.
468 1926 583 1961 Leim.

159 1978 229 2022 Ap.
249 1973 332 2012 Zos.
353 1975 376 2010 Ι,
399 1975 424 2011 l.
455 1974 547 2010 nihil
574 1975 718 2022 reperi,
753 1975 813 2012 sed
843 1988 878 2011 ν.
902 1975 947 2011 ad
971 1975 1150 2018 Nostrum
1168 1989 1203 2022 4,
1226 1988 1258 2015 2,
1288 1986 1343 2017 ις.
1363 1986 1418 2013 e...
1457 1981 1501 2008 ut
1523 1968 1572 2006 ad

59 2024 364 2073 comparandum,
391 2036 532 2069 practer
552 2024 612 2059 illa
631 2025 710 2060 loca
726 2051 735 2066 ‚
763 2027 808 2061 ad
827 2026 877 2062 N.
898 2025 1027 2062 Leisn.
1049 2037 1067 2061 a
1085 2026 1198 2062 nobis
1216 2024 1392 2063 indicata,
1416 2031 1572 2069 quoque

59 2075 137 2111 Cic.
163 2087 193 2122 p.
209 2076 244 2109 S.
258 2073 361 2109 Rosc.
380 2075 424 2109 Α.
443 2085 475 2109 c.
492 2083 548 2120 32.
572 2073 595 2109 i.
614 2087 738 2109 verum
754 2086 815 2122 ego
831 2075 990 2123 forsitan
1003 2099 1014 2116 ,
1052 2086 1205 2121 propter
1224 2072 1484 2108 multitudinem
1506 2081 1572 2117 pa-

57 2135 269 2165 nouorum,
296 2123 336 2159 in
357 2133 467 2171 grege
485 2135 710 2163 annutnerer,
742 2125 784 2159 ad
806 2136 901 2171 quae
922 2125 1099 2161 Hortom.
1127 2133 1197 2165 „ut
1218 2122 1282 2158 {im
1301 2133 1398 2157 unus
1431 2134 1452 2156 e
1474 2118 1570 2154 mul·
1600 2162 1603 2165 Ι

58 2174 135 2210 tis“
159 2172 208 2209 cf.
230 2173 278 2208 ib.
298 2173 467 2208 Menard.
489 2185 527 2208 et
550 2173 633 2209 Exc.
654 2174 697 2209 ad
719 2173 754 2208 h.
776 2174 825 2216 1.,
850 2186 963 2221 quem
985 2172 1194 2210 reddimus:
1231 2181 1270 2207 ut
1292 2183 1359 2211 ne,
1396 2168 1418 2204 fi
1439 2165 1571 2214 tacuty‘-

51 2221 154 2272 sent,
181 2223 360 2264 laterent,
394 2232 430 2258 et
450 2220 489 2257 in
511 2234 642 2266 magna
664 2223 770 2258 turba
788 2233 1088 2263 numerarentur,
1124 2233 1274 2258 tacente
1294 2221 1356 2256 Sb.
1377 2218 1456 2255 ind.
1480 2229 1568 2255 cum

58 2273 121 2313 P.‚
147 2284 225 2307 non
244 2270 334 2307 item
347 2271 426 2308 Sch.
449 2283 507 2313 .,Λ.
525 2270 640 2307 essent
657 2272 787 2320 absque
809 2272 977 2309 nominis
990 2273 1212 2312 celebritate,
1238 2270 1414 2312 sie-inter
1436 2279 1569 2303 nume-

58 2333 164 2362 rum,
187 2334 265 2358 πολ.
287 2321 531 2367 promiscuam
552 2322 720 2362 turbam,
753 2327 810 2368 ἃς.
841 2321 906 2370 qui
929 2335 1005 2358 cum
1025 2323 1139 2370 vulgo
1160 2318 1372 2370 censemur“
1404 2318 1445 2354 in
1475 2326 1569 2353 extr.

57 2369 191 2419 partim
215 2382 234 2404 e
258 2370 339 2415 Stp·
359 2371 401 2406 ad
424 2383 471 2407 m.
492 2371 531 2405 1’.

106 2429 166 2462 τῆς
183 2436 221 2464 μ.
243 2421 316 2465 ἄλ.)
337 2419 414 2466 lpse
441 2431 563 2456 tamen
584 2418 738 2456 Herodi.
766 2419 877 2456 huius
899 2419 1006 2460 vitii,
1046 2419 1150 2467 quod
1171 2415 1414 2466 reprehendit
1429 2440 1441 2455 ‚
1476 2425 1564 2450 reus

54 2468 126 2509 effe
143 2468 302 2504 videtur.
353 2469 448 2506 Nam
468 2469 611 2518 affingit
624 2470 835 2506 Commodo
857 2471 1083 2512 orationem,
1109 2481 1203 2517 quae
1215 2467 1346 2505 melior
1363 2464 1426 2507 est·
1453 2475 1565 2512 quam

55 2529 99 2557 ut
125 2519 168 2554 ab
191 2530 237 2553 eo
254 2516 324 2553 effe
344 2517 460 2564 poffit.
494 2518 607 2554 Leisn.

153 2569 212 2604 De
241 2567 470 2604 orationibus
487 2591 498 2608 ,
535 2580 626 2615 quas
647 2567 735 2605 alibi
755 2567 1066 2606 considerabimus
1088 2566 1188 2604 forte
1203 2590 1214 2608 ,
1249 2564 1310 2602 hic
1330 2574 1408 2601 non
1427 2561 1561 2611 agitur,

55 2616 118 2654 sed
137 2617 182 2654 de
200 2615 352 2652 veritate
374 2617 412 2652 in
435 2619 637 2660 narrando,
672 2623 703 2655 ἐν
719 2623 794 2659 ταῖς
816 2623 922 2663 &spina
936 2643 946 2657 ,
981 2630 1077 2665 quae
1095 2615 1227 2654 Noster
1248 2614 1448 2662 prudenter
1469 2611 1562 2647 adii-

55 2666 119 2708 cit,
145 2667 170 2703 s.
192 2666 237 2702 de
256 2663 328 2701 fide
350 2665 535 2707 historica,
559 2667 664 2704 cuius
688 2667 724 2703 in
738 2665 871 2704 Nostro
891 2667 1139 2713 patrocinium
1161 2662 1421 2712 ipseLeisn.in
1434 2663 1560 2710 Progr-

53 2714 223 2763 suscepit.
274 2715 420 2752 Similes
444 2717 595 2763 quidem
625 2716 780 2754 aliorum
806 2718 972 2764 querelas*
1002 2715 1140 2754 deinde
1164 2713 1374 2754 audiemus;
1407 2723 1487 2747 non
1508 2721 1564 2746 te-

55 2776 169 2802 nente
180 2765 344 2814 Stp.Th.
367 2765 470 2802 subst.
481 2769 630 2802 &mcum
643 2778 698 2813 pr.
712 2771 766 2807 ἐν,
800 2777 843 2803 ut
863 2779 933 2803 nec
944 2767 991 2803 G.
1005 2767 1094 2810 Th„
1121 2776 1156 2804 at
1167 2764 1268 2805 Niz„
1291 2761 1355 2800 ubi
1369 2771 1428 2803 ets
1462 2757 1563 2798 utin
