1798 3163
539 136 710 182 LIBER
731 137 766 180 1.
809 136 933 182 cAP.
955 135 990 183 1.
1467 150 1529 193 17

24 247 758 318 ἦ·Ῥωμειίωνὃυνατειὲιμετέπεσ-εν
794 271 1033 303 manorum
1066 259 1264 321 potentia
1294 255 1448 304 recidit
1479 257 1533 303 ad

27 391 128 437 αὖθις
147 393 292 440 ἀκριβῶς
312 388 478 440 ἔρξαντα,
520 405 565 428 ex
593 391 666 428 hoe
690 392 840 429 Romani
859 391 1025 440 prorsum
1052 389 1115 438 fich
1146 391 1254 429 vnius
1279 393 1428 441 imperio
1449 393 1534 442 (ite-

17 448 124 483 ‘rumn
144 453 327 493 coeperunt
345 442 428 492 effe,
455 440 519 491 qui
536 443 643 478 locus
666 443 713 479 cf.
735 455 821 479 cum
837 442 862 477 1.
875 452 929 488 50.
947 441 995 483 i.,
1021 440 1103 478 add.
1123 442 1172 477 N.
1193 441 1329 480 Vellei.
1349 442 1396 479 ad
1413 455 1450 484 2,
1474 447 1533 486 86,

28 506 62 532 1.
81 494 191 531 Boect.

127 543 181 580 Ibi
205 541 314 580 nihii.
341 540 414 577 huc
435 541 683 589 profuturum,
714 540 777 579 sed
795 540 977 577 viciniora
994 539 1042 578 ad
1055 539 1230 582 Nostrum
1243 552 1298 586 ap.
1314 540 1420 582 alios,
1442 542 1532 577 Tac.

25 592 66 630 h.
91 604 122 633 1,
145 604 172 627 ι.
197 591 218 626 i.
241 590 481 638 postquam-
501 588 632 628 «minem
652 592 869 638 potestatem
893 592 944 627 ad
959 602 1075 627 vnurn
1096 589 1270 636 conferri,
1299 589 1399 637 pacis
1421 591 1533 626 inter.

16 641 129 691 fuit,
158 641 254 689 Flotr.
274 653 308 686 4,
333 650 366 685 3,
389 652 419 685 5.
449 643 502 677 ad
518 640 643 676 Ostav.
656 640 795 688 summa
815 652 938 676 rerum
949 641 1082 681 rediit,
1111 650 1151 679 et
1169 637 1200 685 §.
1214 651 1246 683 7.
1265 639 1449 689 imperium
1463 641 1535 676 Ro·

26 703 179 728 manum
199 691 271 725 iam
294 689 339 724 ad
359 688 526 737 Caesares
548 692 794 726 transferente
803 690 976 734 fortuna.
1003 689 1046 726 it.
1067 690 1159 725 Tac.
1179 688 1216 724 h.
1234 700 1265 732 1,
1289 701 1406 733 25.m.
1422 687 1534 738 susce-

21 749 109 792 pere
128 738 454 787 duo'manipulares
473 739 669 787 imperium
685 739 806 788 populi
825 739 931 776 Rom.
951 738 1260 785 transferendum,
1287 750 1324 774 et
1337 751 1427 774 ann.
1452 751 1483 780 1,
1503 743 1535 774 6.

26 802 62 827 e.
81 802 123 825 ne
139 788 316 824 Tiberius
336 789 411 824 vim
428 789 656 836 principatus
673 789 876 837 resolues-et,
902 787 1030 825 cunsta
1041 789 1094 824 ad
1108 788 1274 825 senatum
1291 789 1461 830 vocando,
1488 789 1537 824 cf.

28 839 135 887 fq.si
149 838 214 873 vni
233 839 421 880 reddatur,
447 851 480 874 c.
502 850 536 882 9.
559 851 590 876 e.
608 849 648 874 et
675 850 728 874 11.
748 850 818 879 m..
852 837 953 874 vnde
973 837 1087 886 deligi
1110 837 1231 884 potest
1249 837 1409 873 formula
1431 838 1477 874 ad
1496 839 1537 874 li·

26 889 116 926 bere
137 886 330 924 reddenda
353 883 487 923 Nostri*
509 888 620 927 haec,
654 899 749 935 quae
780 886 985 934 improprie
1011 886 1210 927 dicuntur,·
1243 887 1433 922 retinente
1454 888 1534 933 Stp.

24 938 100 975 Th.
116 947 148 983 3,
170 947 251 984 3¹9·
278 936 301 974 i.
319 949 355 972 v.
371 951 407 980 μ.
426 937 516 973 hinc
534 938 572 972 Ρ.
585 937 735 977 deuolui.
759 935 878 982 quod,
900 946 1012 981 tropo
1025 946 1182 976 remot0‚
1210 936 1321 971 habet
1339 934 1537 981 iimplicem

25 987 229 1024 notionem
246 984 425 1022 veniendi
443 985 469 1021 s.
490 984 699 1032 accipiendi
713 1009 724 1022 .
760 985 807 1020 de
829 996 905 1031 quo
927 994 1027 1020 tacet
1048 984 1096 1019 G.
1117 983 1189 1019 Th.
1204 1008 1216 1024 ‚
1243 983 1290 1019 cf.
1322 984 1380 1020 Cl.
1400 984 1477 1020 Cic.
1499 995 1538 1020 et

28 1036 111 1074 lud.
134 1039 255 1071 Amm.
277 1035 329 1071 M.
345 1057 356 1074 ,
382 1045 424 1070 vt
440 1036 487 1070 de
503 1033 610 1070 sensu
627 1033 725 1068 nihil
748 1033 841 1069 dicit
857 1034 933 1079 Stp.
948 1053 959 1069 ‚
987 1033 1075 1069 dum
1095 1032 1171 1078 ipse
1185 1031 1234 1067 ib.
1255 1042 1384 1080 p.318.
1406 1046 1439 1070 e.
1460 1046 1540 1069 ver-

30 1086 120 1123 bum
139 1096 222 1121 curn
242 1085 303 1130 Bg.
324 1082 448 1118 reddit
467 1095 488 1118 e
508 1085 545 1118 P.
566 1083 607 1118 in
627 1081 710 1118 aliis
729 1081 853 1119 Nostri
873 1081 981 1125 locis,
1006 1081 1110 1129 quod
1129 1081 1168 1118 in
1186 1080 1248 1117 ista
1268 1082 1448 1118 veniendi
1471 1095 1538 1118 no-

30 1133 140 1171 tione
155 1131 270 1177 fimpl.
293 1131 494 1168 conueniat
511 1143 595 1167 cum
616 1144 651 1172 2,
677 1143 732 1172 1¹,
755 1143 787 1175 9.
811 1131 837 1167 i.
883 1132 921 1168 Si
942 1144 975 1167 v.
989 1131 1053 1169 Gr.
1071 1142 1111 1167 et
1122 1132 1199 1168 Lat.
1214 1133 1277 1179 Bg.
1302 1131 1464 1168 seuerius
1483 1144 1539 1167 ca-

28 1183 172 1230 piatur:
200 1179 488 1232 praepofitiones
500 1180 613 1217 edant
626 1180 718 1217 iliud
731 1182 811 1217 Lat.
835 1181 917 1216 adv.
936 1189 1037 1217 retro
1058 1180 1083 1216 s.
1103 1181 1249 1221 iterum,
1276 1192 1313 1216 et
1325 1179 1419 1217 istud
1435 1181 1539 1228 supra

28 1243 52 1267 e
68 1231 184 1267 Dion.
204 1232 319 1272 αὖθις,
343 1229 392 1265 cf.
408 1231 455 1266 G.
481 1231 556 1266 Th.
577 1241 661 1266 cum
678 1234 883 1271 ἀναπίπτω,
922 1241 965 1266 vt
992 1229 1033 1265 in
1059 1240 1227 1265 mentem
1257 1230 1383 1266 veniat
1411 1242 1541 1279 regum

27 1280 158 1330 popuii
182 1280 290 1314 Rom.
313 1279 538 1326 priscorum;
561 1279 662 1315 vnde
681 1277 743 1320 iit,
781 1280 973 1315 Romanum
999 1278 1197 1326 imperium
1217 1280 1352 1320 rediit.
1389 1279 1542 1315 transla-

26 1342 108 1368 tum
131 1328 179 1365 est
207 1328 337 1364 iterum
363 1329 410 1364 ad
436 1341 556 1365 vnum.
617 1328 772 1376 Alioqui
802 1327 980 1365 reddetur
1011 1328 1160 1374 transiit
1181 1327 1206 1364 s.
1231 1329 1334 1364 venit
1355 1328 1401 1364 ad
1420 1341 1541 1369 vnum.

25 1391 114 1416 cum
132 1378 238 1426 saepe
258 1389 381 1425 praep.
395 1378 515 1417 valeat
534 1378 653 1420 nihil.
680 1379 719 1414 in
733 1377 861 1425 primis
872 1378 941 1413 aiia
962 1376 1068 1414 fimul
1084 1376 1252 1414 adiunaa
1267 1402 1278 1420 ‚
1305 1390 1467 1426 cumque
1478 1379 1541 1426 Bg.

26 1429 110 1467 Lat.
142 1439 295 1476 quoque
319 1427 387 1463 stet
414 1440 480 1474 pro
508 1426 650 1475 fimpi„
685 1429 913 1476 (quanquam
932 1428 977 1462 G.
991 1428 1068 1462 Th.
1096 1437 1178 1462 non
1197 1426 1248 1462 ita
1270 1426 1408 1463 diserte
1428 1439 1544 1474 expo-

27 1481 180 1521 mente.)
211 1475 360 1513 duflum
386 1476 511 1514 forsan
534 1490 555 1513 e
577 1479 661 1513 Sch.
680 1478 720 1513 in
750 1481 835 1519 ,,εἷς,
860 1477 898 1512 in
915 1476 1017 1513 aliud
1035 1477 1212 1518 recidere,
1240 1476 1403 1513 mutari“
1430 1488 1542 1523 quam

26 1527 138 1578 postr·
153 1527 365 1568 notionem,
375 1527 572 1573 (arreptam
587 1525 672 1562 hica
688 1528 799 1562 Vern.
819 1531 910 1569 vet.)
931 1539 966 1562 v.
977 1538 1034 1572 ap.
1047 1527 1126 1573 Srp.
1139 1526 1215 1561 Th.
1235 1526 1259 1561 l.
1281 1526 1303 1561 l.
1319 1526 1361 1562 C.
1371 1526 1396 1561 i.
1415 1538 1436 1561 e
1449 1526 1543 1562 nud-

29 1579 76 1615 C.
99 1587 180 1621 745.
207 1587 284 1617 17..
318 1575 513 1622 repetitam
545 1575 702 1612 fortaffis
730 1589 748 1611 a
767 1575 809 1611 L.
834 1576 922 1612 Ern.
943 1575 983 1612 in
1005 1576 1074 1612 Nr.
1089 1585 1122 1621 3.
1142 1586 1210 1621 pro
1230 1574 1396 1616 dilabor,
1421 1584 1545 1611 mutor

28 1627 72 1664 in
95 1627 199 1670 peius
218 1625 243 1662 s.
268 1625 415 1667 melius,
442 1625 667 1661 manifestam
684 1625 783 1661 iiiam
804 1638 824 1661 e
841 1626 930 1661 Luc.
954 1635 987 1672 3,
1010 1634 1064 1671 31.
1092 1636 1121 1660 ι.
1138 1635 1194 1668 51.
1215 1622 1257 1666 ὦς
1278 1629 1314 1661 ἔκ
1325 1624 1481 1669 γυναικός
1494 1639 1545 1665 τις

30 1681 65 1719 ἐς
87 1673 195 1721 ὄρνεον
213 1695 253 1703 -
272 1681 469 1718 μετέπεσεν,
495 1684 533 1712 vt
551 1686 596 1710 ex
615 1675 763 1711 muliere
780 1674 820 1710 in
840 1688 939 1710 auem
952 1673 1075 1722 aliqua
1095 1684 1237 1709 mutata
1249 1674 1317 1720 fit,
1343 1673 1545 1710 vbiSchoi.

28 1726 320 1773 μεταβληθεῑσοα,
348 1736 425 1773 quo
444 1724 525 1771 ipso
547 1723 611 1760 Gr.
629 1723 838 1770 explicabat
854 1723 944 1761 Bud.
957 1724 981 1759 1.
1006 1724 1051 1764 1.,
1078 1723 1141 1761 sed
1151 1724 1239 1765 Luc.
1262 1736 1298 1770 p.
1313 1732 1371 1768 89.
1393 1723 1417 1759 Ι.
1431 1734 1488 1769 ς7.
1505 1722 1545 1758 in

31 1777 204 1811 volucres
222 1772 352 1821 abisti,
379 1785 454 1819 quo
476 1774 522 1809 de
534 1773 614 1809 Lat.
634 1785 700 1820 pro
717 1774 850 1809 mutari
873 1773 992 1816 infra,
1016 1771 1128 1815 sicum·
1155 1784 1241 1809 cum
1262 1773 1366 1821 supra
1379 1774 1546 1810 nostrum

33 1824 101 1909 (ἐν.
122 1822 355 1906 ἱηῗΐτετετί
385 1822 508 1906 ίὶιῬυς
537 1835 602 1870 per
621 1823 702 1859 Lat.
721 1824 864 1865 redire,
896 1822 935 1859 id
956 1822 1074 1871 ipsum
1097 1833 1169 1871 pro
1196 1822 1330 1859 mutari
1352 1822 1548 1870 accipitur,

32 1883 55 1908 c
75 1898 85 1908 ι
108 1873 154 1908 G.
235 1897 244 1906 0
268 1882 347 1914 ¹04³
367 1879 425 1911 88·
480 1897 489 1905 .
1091 1892 1094 1895 ·
1445 1897 1447 1899 ·

81 1920 103 1964 ,ἶ
119 1919 163 1959 ‘p.
185 1923 267 1963 δυν.)
296 1919 368 1956 Hic
387 1923 413 1956 δ.
438 1883 484 1956 dqe
502 1917 618 1954 libera
644 1931 745 1966 rep..
767 1931 806 1957 at
823 1933 910 1958 mox
927 1920 1056 1957 eadem
1075 1932 1147 1957 voa:
1167 1917 1200 1967 §.
1213 1923 1248 1956 6.
1265 1933 1304 1957 et
1318 1933 1376 1957 11.
1404 1921 1458 1958 de.
1471 1919 1550 1967 spa·

33 1969 90 2007 tio
119 1968 319 2016 temporis.
364 1980 441 2017 quo
470 1967 604 2017 finguli
642 1968 887 2017 imperatores
915 1970 1164 2018 gubernacula
1196 1970 1346 2019 imperii
1381 1980 1549 2006 tenuere.

33 2020 147 2058 Leisn.

133 2068 281 2114 Nempe
300 2071 330 2105 δ.
348 2067 508 2104 omnino
528 2067 577 2104 est
592 2067 673 2104 Lat.
688 2067 844 2119 poteslas
861 2067 889 2105 s.
911 2068 1097 2116 potentia,
1133 2079 1228 2117 quae
1248 2067 1415 2105 latiffime
1432 2078 1547 2116 pater,

30 2119 77 2156 nd
97 2129 230 2153 omnes
248 2117 442 2158 homines,
470 2129 681 2165 omnesque
697 2118 789 2165 reip.
811 2129 850 2155 et
865 2117 1011 2165 imperii
1034 2117 1190 2159 formas,
1219 2118 1290 2164 'per
1307 2117 1547 2154 notationem

30 2168 162 2204 valens
186 2166 207 2202 i.
231 2178 268 2213 q.
286 2165 443 2210 δύναμις,
479 2168 539 2203 sed
568 2168 604 2203 h.
624 2169 649 2203 Ι.
674 2166 696 2209 ἦ
716 2167 761 2204 Ῥ.
787 2171 818 2204 ὃ.
841 2168 864 2205 i.
888 2180 924 2216 q.
955 2165 1037 2214 §.8.
1059 2165 1080 2208 ἦ
1101 2166 1144 2204 ‘1².
1168 2172 1285 2212 ἀρχὴ,
1310 2166 1546 2214 qu0d‚-cum

29 2217 112 2255 Lat.
133 2216 300 2264 imperio,
322 2227 438 2262 aeque
458 2216 570 2253 iatum
592 2216 655 2258 est,
681 2216 730 2253 cf.
751 2217 852 2254 Suid.
882 2229 914 2260 1,
934 2221 1017 2263 632.
1041 2229 1070 2252 c.
1086 2242 1097 2258 ,
1128 2228 1204 2253 non
1227 2216 1315 2255 coll,
1335 2215 1382 2251 ad
1399 2216 1490 2253 fles.
1515 2228 1547 2256 1.

35 2277 142 2312 1041.
163 2266 187 2301 i.
202 2290 213 2307 ‚
244 2265 286 2302 it.
305 2266 388 2302 lnd.
410 2267 530 2302 Thuc.
549 2277 587 2302 et
608 2267 715 2302 Dem.
730 2287 741 2305 ‚
788 2267 893 2304 cuius
916 2267 1020 2302 locus
1039 2277 1131 2302 extr.
1157 2265 1208 2311 est
1229 2269 1336 2312 1467,
1363 2278 1442 2307 12.,
1476 2277 1547 2301 nec

31 2315 149 2354 lubet
175 2320 278 2359 ¹39⁶·
301 2326 360 2351 21.
387 2321 424 2352 a}
443 2318 495 2352 διὰ
513 2324 579 2352 τῶν
599 2314 722 2360 ἆλῖγων
741 2320 908 2358 &ovas-eiu
922 2340 932 2356 ,
965 2317 1101 2362 quibus*
1120 2327 1208 2363 opp.
1231 2317 1256 2352 Ι.
1280 2328 1366 2364 pen·
1387 2321 1425 2351 αἱ
1449 2319 1550 2360 imao·

32 2370 167 2412 neurim
181 2388 192 2405 ‚
225 2365 323 2411 quod
346 2364 368 2400 i.
386 2377 421 2412 q.
444 2377 499 2412 ap.
524 2366 603 2411 Stp.
626 2379 647 2401 e
666 2367 777 2403 shuc.
791 2376 824 2412 3,
845 2371 902 2401 62.
923 2378 970 2401 m.
994 2369 1148 2404 emessa
1171 2365 1295 2410 ὀλίγων
1313 2369 1435 2409 ἀνδρῶν
1449 2388 1460 2405 ‚
1486 2366 1546 2403 vbi

32 2425 154 2462 praec.
176 2414 364 2460 ὀλιγαρχία
384 2425 420 2450 et
437 2415 489 2460 sq.
507 2418 737 2460 δημοκρατία,
761 2427 804 2452 vt
820 2428 877 2461 ap.
899 2417 1008 2452 Dem.
1026 2415 1253 2462 copulantur
1272 2417 1479 2460 wemmam<
1494 2421 1549 2450 xa)

33 2467 210 2502 ’uvas-enfin
236 2471 318 2509 ¹3²⁹
347 2475 398 2506 ¹9.
425 2472 490 2501 τῶν
509 2471 687 2509 βασιλειῶν
709 2473 763 2502 καὶ
775 2474 891 2503 πασῶν
909 2472 974 2502 τῶν
994 2468 1061 2500 δυν,
1089 2467 1172 2509 156,
1195 2474 1224 2510 3.
1252 2468 1365 2510 ἀρχῆς
1384 2470 1440 2500 καὶ
1453 2466 1549 2500 δυνα-

24 2518 126 2555 ntae
147 2524 228 2557 247,
254 2524 308 2548 ιο.
335 2512 385 2552 cf,
404 2524 509 2557 1370.
534 2526 586 2549 η.
608 2527 647 2551 ee
670 2516 773 2551 Poib.
797 2515 843 2550 T.
863 2527 890 2551 ι.
912 2527 944 2561 p.
962 2527 993 2549 2.
1020 2512 1133 2550 fimi.
1162 2513 1203 2549 it.
1223 2525 1261 2562 p.
1277 2523 1367 2558 3.m.
1387 2512 1552 2560 etpausc

27 2561 201 2602 inferius.
233 2561 272 2597 it.
296 2563 342 2597 T.
365 2575 400 2598 ι.
422 2575 455 2611 p.
475 2574 554 2601 102.
576 2563 623 2605 i„
647 2565 708 2601 vbi
731 2564 973 2610 componitur
999 2574 1084 2599 cum
1101 2567 1217 2608 ἁρχὴ,
1242 2574 1281 2599 vt
1298 2574 1360 2611 ap.
1378 2562 1550 2599 Nostrum

31 2610 68 2659 §.
93 2616 152 2653 6.,
177 2611 359 2648 reddente
380 2610 441 2647 hic
457 2614 524 2661 ng..
539 2624 562 2648 e
580 2615 642 2653 P..
672 2624 751 2650 non
771 2614 856 2650 satis
875 2622 1067 2656 accurate,
1098 2611 1122 2648 fi
1151 2611 1352 2649 discrimen
1382 2612 1432 2648 est
1453 2613 1550 2649 inter

27 2663 229 2713 potentiam
249 2672 288 2697 et
304 2658 530 2711 potestatem}
565 2671 599 2698 v:
623 2665 707 2700 Ern.
730 2664 775 2706 ad
796 2665 886 2700 Tac.
913 2663 949 2698 h.
965 2674 996 2705 1,
1019 2673 1051 2698 1.
1073 2661 1120 2704 i.,
1157 2674 1236 2699 non
1263 2673 1510 2699 memoratum
1533 2677 1551 2696 a

33 2710 83 2747 G.
105 2711 201 2753 Th..
228 2709 370 2747 vbi'iila
391 2712 470 2747 Lat.
492 2711 577 2748 'cum
603 2714 688 2751 Grr.
709 2715 776 2755 ah,
802 2713 863 2749 sed
889 2724 974 2749 cum
995 2711 1119 2749 nostro
1140 2723 1174 2747 v.
1192 2721 1424 2761 potentatus,
1451 2715 1551 2761 quod

34 2769 76 2799 et
90 2761 260 2812 ap.Stp.,
287 2770 330 2800 vt
348 2760 511 2811 ap.‘1'ac.
528 2774 637 2809 anu„
661 2774 806 2815 praeter
825 2761 934 2800 illum
947 2761 1158 2813 supralaud.
1173 2762 1301 2802 locum
1320 2769 1363 2799 ex
1388 2771 1422 2808 ι,
1446 2766 1480 2799 6.
1508 2775 1551 2803 e..

836 2822 870 2867 B
