1798 3163
232 184 255 216 1
273 186 291 216 1
307 185 332 215 2
373 172 596 217 LIBER'I.
636 172 762 218 CAP.
783 172 863 216 IV.
897 173 954 217 A.
978 172 1036 216 V.
1059 171 1110 217 C.
1126 182 1190 226 93
1205 184 1250 224 3.
1283 174 1424 217 CHR.
1438 171 1511 226 'N.
1538 187 1555 217 1
1571 179 1655 223 80‘·

221 283 434 352 „fzoZAira
463 280 513 334 δὲ
545 287 688 334 ἐκεῖνοι
721 289 779 338 εἰς
810 285 951 351 οὶςχῆς
997 303 1016 332 1
1036 302 1077 337 1.
1102 287 1259 358 fimum
1280 304 1378 336 vero
1398 287 1460 336 illi
1480 291 1524 338 in
1540 290 1726 357 'imperio

221 364 385 428 »μῆκος
405 356 640 414 ἀκινδύνως
658 356 955 417 {iaceo-affirm
989 359 1112 425 longe
1134 362 1229 431 stne
1253 362 1444 428 periculo
1483 366 1727 430 provehun-

221 484 484 523 multitudinem
516 492 554 517 et
580 484 692 517 decem
718 479 864 515 millium
893 477 1127 516 barbarorum
1153 481 1362 531 custodiam,
1398 480 1490 518 ficut
1517 491 1623 530 pater
1652 485 1726 520 eius

221 534 384 574 dixerit,
412 530 473 579 qui
500 531 712 570 helmet-at,
749 528 786 564 se
806 528 1051 564 adamantinis
1077 529 1237 566 vinculis
1257 529 1468 566 firmitatem
1491 531 1575 567 suae
1592 544 1726 579 poten-

221 585 297 622 tiae
313 580 485 622 vinxisse,
504 580 572 628 secl
585 576 910 631 benevolentiam,
935 575 1086 624 studium
1099 602 1110 620 ‚
1134 578 1299 614 favorem
1313 605 1323 620 ,
1351 592 1394 613 ex
1414 580 1554 616 virtute
1574 590 1608 616 et
1627 579 1730 617 iusti,-

219 633 275 669 tia
291 631 483 667 hominibus
502 627 724 680 impastum..
761 629 885 673 Qare
905 637 942 661 et
959 626 1078 672 postea
1091 652 1101 668 ,
1136 640 1218 663 curn
1244 628 1429 674 perculsus
1448 641 1466 663 a
1489 629 1614 665 Dione
1638 628 1727 666 effet

220 678 446 728 Dionysius,
473 677 640 724 plerique
661 677 854 721 {eruptores
874 686 956 710 cum
976 687 1066 711 nota
1079 677 1498 724 memorabilis-exempli
1517 677 1726 718 observant.

219 731 352 766 nullum
381 727 450 763 effe
479 726 665 773 imperium
693 733 840 764 tutum,
882 724 953 768 nil?
976 725 1237 761 benevolentia
1265 726 1460 768 muninim,
1496 736 1539 761 ut
1558 727 1726 773 plurium

218 776 442 816 sententiam
463 773 574 810 unius
593 775 708 810 Corn.
729 773 777 808 N.
797 772 919 807 verbis
939 785 1039 809 nunc
1059 772 1250 809 efferamus
1269 787 1310 809 ex
1327 774 1443 809 Dion.
1460 786 1491 817 ς,
1513 784 1543 819 3.
1596 775 1726 809 Proxi-

217 841 281 866 me
307 826 352 863 ad
378 824 490 871 ipsam
517 822 676 858 formam
701 820 907 856 sententiae
927 821 1078 857 Herodi.
1113 823 1285 870 congruit
1306 823 1396 859 illud
1416 822 1543 858 Claud.
1566 824 1650 858 Pan.
1680 823 1724 860 in

218 875 332 914 Cons.
355 873 536 918 Hon.÷(de
556 872 607 907 lv
624 870 734 907 Cons.
749 872 854 906 Hon.
874 882 908 904 v.
922 872 1019 917 281.)
1070 871 1224 916 Nonstc
1245 871 1442 911 excubiae,
1475 883 1541 906 non
1563 872 1724 907 circum-

217 924 347 962 stantia
370 922 441 959 tela
461 921 591 968 (pila),
617 920 733 968 Quam
753 930 891 955 tutatur
908 931 1018 955 amor.
1066 921 1136 966 Ap.
1153 922 1239 956 Sen.
1258 919 1297 955 in
1318 920 1438 955 Theb.
1452 944 1464 961 ,
1488 919 1724 965 memorabili

217 975 367 1021 dialogo
382 995 392 1011 ‚
420 969 643 1017 disceptatur
662 968 702 1004 id
723 979 981 1016 argumentum
1004 967 1102 1003 inter
1123 968 1326 1016 Polynicen
1347 979 1385 1003 et
1399 969 1588 1008 locastam,
1628 981 1723 1016 quo-

216 1036 300 1061 rum
324 1021 386 1057 ille
408 1030 558 1060 metum,
592 1031 635 1054 ex
665 1016 860 1064 hypothefi
893 1016 1104 1063 tyrannica,
1139 1017 1229 1052 haec
1248 1018 1543 1059 benevolentiam,
1579 1029 1723 1052 accom-

216 1073 371 1110 modato
390 1070 435 1105 ad
459 1069 613 1106 formam
631 1065 712 1103 iusti
743 1065 888 1111 imperii
910 1065 1101 1106 sermone,
1138 1066 1296 1103 extollit.
1317 1067 1428 1103 Boecl.
1481 1067 1564 1102 Sall.
1586 1067 1664 1102 Cat.
1684 1077 1721 1108 9,

216 1125 232 1169 (
239 1123 286 1166 5.)
297 1122 334 1157 in
344 1128 428 1167 pace
437 1126 544 1164 remp.
563 1117 752 1157 curabant,
764 1115 865 1160 quod
877 1115 1057 1162 beneficiis,
1073 1126 1181 1162 quam
1191 1125 1296 1153 metu,
1312 1115 1506 1163 imperium
1516 1115 1727 1163 agitabant,
1792 1154 1798 1165 μ

1792 1166 1798 1178 ν,

215 1182 290 1208 etc.
308 1169 355 1206 cf.
367 1168 453 1203 Ter.
465 1168 529 1203 Ad.
546 1178 578 1207 1,
595 1175 694 1211 1,32.
707 1176 762 1210 ap.
773 1163 858 1199 Sall.
871 1175 928 1209 ep.
940 1176 973 1200 2.
989 1165 1034 1200 de
1043 1176 1118 1210 rep.
1131 1163 1211 1198 ord.
1227 1176 1299 1208 c.4.
1312 1164 1358 1212 (§.
1377 1165 1424 1207 1.)
1437 1164 1575 1212 etquid
1586 1163 1721 1199 Iocasta

215 1220 317 1257 dicat
338 1216 491 1264 ap.Sen.
501 1215 623 1252 Theb.
644 1224 681 1249 et
694 1215 794 1250 Cort.
806 1212 849 1247 ad
865 1213 942 1248 loca
954 1212 1036 1248 Sall.
1056 1211 1099 1247 it.
1112 1212 1188 1248 Cic.
1200 1212 1297 1248 Phil.
1311 1225 1342 1253 1,
1361 1224 1461 1258 14.et
1482 1226 1516 1254 2,
1530 1227 1588 1259 44.
1604 1213 1720 1249 Leisn.

314 1265 480 1303 Finimus
501 1276 583 1300 cum
614 1262 743 1299 locasta
768 1274 824 1308 ap.
843 1261 930 1297 Sen.
961 1261 1036 1296 'Ih-
1055 1261 1135 1297 Ast.
1151 1276 1182 1306 4.
1208 1275 1241 1296 v.
1258 1271 1336 1308 113.
1387 1263 1462 1312 Qui
1489 1263 1569 1298 vult
1587 1262 1721 1301 amari,

214 1316 392 1364 languida
412 1324 537 1360 regnet
560 1323 680 1348 manu.
731 1310 853 1355 Invisa
875 1322 1065 1357 nunquam
1086 1311 1235 1357 imperia
1254 1311 1466 1347 retinentur
1485 1312 1566 1349 diu.
1596 1309 1719 1347 Nostri

211 1361 435 1404 sententiam
456 1363 568 1398 libere
586 1359 764 1396 efferente
783 1358 862 1395 Sch.
879 1358 959 1394 fere
985 1372 1049 1406 per
1075 1358 1230 1405 lingulas
1248 1371 1359 1395 voces
1373 1382 1384 1400 ,
1418 1371 1487 1394 nec
1508 1371 1528 1394 e
1546 1359 1610 1401 P.‚
1641 1357 1719 1406 qui,

213 1416 425 1454 liberrimus
444 1413 484 1448 in
503 1412 587 1452 rel.‚
613 1409 725 1445 etiarn
746 1407 943 1457 periphrafi
964 1408 1081 1445 utitur
1101 1410 1145 1443 ad
1165 1407 1262 1451 ὁπηκ.
1275 1431 1288 1449 ,
1313 1420 1371 1457 ap.
1389 1407 1472 1444 Sch.
1492 1408 1632 1456 ubique
1651 1418 1720 1455 per

206 1465 426 1516 subditorum
441 1486 451 1502 ,
476 1460 522 1498 cf.
549 1473 578 1500 ι,
604 1471 634 1499 1,
657 1470 691 1503 9.

264 1511 413 1556 ἤλασαν)
437 1509 692 1557 provehuntur
719 1506 744 1542 s.
766 1506 919 1553 provehi
949 1505 1084 1543 solent.
1106 1506 1222 1542 Leisn.
1254 1516 1404 1542 vertens
1428 1505 1522 1542 reste
1549 1516 1625 1540 aor.
1653 1515 1717 1550 per

213 1562 351 1612 praes...
382 1572 463 1596 tum
478 1556 669 1597 universe,
695 1567 738 1593 ut
756 1557 839 1603 Eg„
868 1567 947 1591 tum
965 1568 1028 1603 per
1049 1553 1221 1591 auxiliare
1240 1568 1274 1590 v.
1296 1556 1372 1591 Lat.
1386 1555 1526 1603 sblere,
1553 1552 1655 1599 quod
1676 1563 1718 1588 et

210 1613 254 1651 in
273 1612 354 1648 aliis
378 1621 519 1655 tempp.
546 1604 737 1654 procedit,
764 1614 808 1640 ut
825 1604 952 1649 imps..
984 1604 1075 1650 perf.
1099 1613 1138 1639 et
1154 1603 1246 1644 fut„
1273 1603 1321 1639 cf.
1349 1604 1486 1640 Graev.
1503 1603 1542 1638 Ι...
1561 1602 1651 1639 Hes.
1675 1614 1716 1648 p.

212 1676 273 1709 24.
301 1661 346 1697 ad
374 1670 531 1705 eumque
559 1656 646 1692 Krb.
667 1659 739 1699 ἐςγ,
773 1666 807 1688 v.
827 1665 908 1698 497·
939 1654 1022 1690 ΕΠ).
1039 1654 1133 1688 Xen.
1153 1653 1268 1688 Mem.
1292 1655 1329 1688 S.
1351 1663 1431 1696 1‚4‚
1455 1665 1486 1686 2.
1505 1665 1536 1686 e.
1575 1664 1609 1693 2,
1629 1664 1664 1696 4,
1680 1662 1715 1694 7.

210 1711 319 1750 Bach.
341 1710 432 1745 Oec.
456 1720 488 1747 ι,
510 1715 566 1750 23.
596 1715 629 1747 5,
654 1713 705 1743 ιε.
729 1715 759 1740 e.
795 1702 909 1737 Fil'ch.
928 1701 1058 1738 Aesch.
1081 1715 1116 1746 p.
1142 1712 1220 1743 117.
1241 1702 1275 1736 b.
1304 1702 1351 1737 N.
1373 1712 1430 1745 74.
1467 1700 1552 1747 Vig.
1572 1698 1609 1745 ‘p.
1629 1710 1715 1744 204.

209 1762 281 1799 Nr.
299 1772 314 1795 1
326 1772 354 1794 1.
368 1759 419 1804 sq.
437 1756 524 1792 Abr.
537 1753 582 1789 ad
591 1751 720 1793 Aesch.
734 1765 767 1792 2,
785 1755 860 1787 106.
878 1763 907 1786 e.
921 1751 997 1786 Per.
1012 1750 1054 1786 ad
1066 1751 1147 1786 Ael.
1161 1751 1205 1790 V,
1218 1750 1254 1785 h.
1270 1763 1299 1792 ι,
1311 1765 1347 1794 4.
1361 1762 1390 1784 e.
1403 1761 1487 1785 cum
1499 1748 1578 1786 lnd.
1589 1761 1623 1783 v.
1635 1759 1715 1784 aor-

210 1821 292 1847 tum
303 1822 335 1844 v.
349 1813 504 1846 ἐλάφων,
536 1815 601 1849 pro
614 1813 747 1837 neutro
757 1812 794 1837 et
806 1798 884 1846 pals.
902 1811 984 1836 cum
996 1801 1056 1847 Bg.
1068 1798 1269 1839 redditum,
1294 1798 1375 1834 Ind.
1388 1797 1504 1832 Dion.
1519 1796 1598 1834 Cas.
1611 1820 1622 1837 ,
1650 1795 1715 1832 sed

211 1871 278 1907 per
298 1857 367 1893 alia
386 1858 482 1891 Latt.
502 1865 558 1899 ap.
577 1852 667 1887 Bud.
685 1851 727 1886 C.
753 1861 855 1894 1240,
872 1861 929 1893 42.
968 1848 1047 1893 Stp.
1068 1848 1141 1882 Th.
1161 1848 1310 1883 aliunde
1330 1858 1367 1882 et
1386 1847 1426 1881 L.
1447 1847 1528 1884 Ern.
1559 1846 1625 1882 Nr.
1645 1854 1715 1891 ¹3..

208 1907 273 1944 ubi
294 1918 331 1942 et
347 1904 494 1941 additur
512 1900 723 1948 pervenire,
760 1910 803 1934 ut
824 1897 957 1934 diserte
973 1896 1057 1931 Sch.
1077 1896 1116 1931 in
1140 1908 1174 1931 v.
1209 1907 1488 1941 „pervenerunt
1504 1896 1556 1930 ad
1571 1894 1716 1931 diutur-

207 1957 368 1994 nitatem
390 1952 557 2000 impe-rii“
583 1948 642 1984 cui
671 1958 708 1983 et
737 1945 800 1993 ipfi
832 1946 978 1992 tropico
1009 1945 1118 1981 addas
1141 1956 1179 1981 et
1208 1945 1298 1986 alia,
1331 1945 1392 1979 hic
1412 1943 1628 1985 commoda,
1670 1952 1715 1979 ut

209 2004 364 2051 adipisci
387 2003 412 2037 s.
435 1997 632 2045 consequi,
656 1995 766 2032 nobis
785 2007 830 2031 zu
852 1996 956 2030 einer
971 1996 1101 2042 langen
1121 1994 1332 2042 Regierung
1347 1994 1545 2041 gelangem
1576 2003 1660 2028 cum
1672 2002 1713 2028 et

207 2055 272 2092 hic
294 2053 369 2088 duo
389 2051 493 2086 subst.
516 2048 586 2083 lint
607 2058 674 2092 pro
701 2045 771 2079 adi.
794 2056 878 2080 cum
901 2043 1025 2084 subst.,
1061 2043 1107 2078 ad
1134 2043 1350 2079 diuturnum
1379 2041 1595 2088 imperium;
1634 2053 1714 2077 tro-

209 2115 299 2150 pum
320 2101 414 2138 reete
437 2097 670 2143 intelligente
689 2096 724 2130 P.
747 2093 785 2128 in
807 2095 866 2128 diu
886 2094 1064 2139 imperare
1077 2119 1087 2134 ‚
1113 2092 1174 2128 sed
1194 2104 1271 2127 non
1289 2091 1412 2127 severe
1431 2093 1467 2126 in
1483 2091 1579 2126 vers.
1596 2090 1714 2137 ipsam'

208 2153 426 2198 ingerente,
453 2155 721 2196 quanquamet
740 2144 803 2190 ssg.
823 2142 1050 2178 severitatem
1072 2141 1246 2177 summam
1265 2140 1415 2180 deserit,
1449 2139 1605 2183 (deleth
1633 2139 1712 2185 ξοπ-

208 2201 308 2238 mula
320 2211 356 2235 et
379 2198 540 2234 ret'kione
560 2194 640 2234 alia,
659 2192 722 2228 ubi
747 2192 899 2228 sumitur
911 2203 1030 2236 praep.
1051 2190 1216 2225 eumalio
1231 2188 1309 2224 casu
1323 2200 1361 2223 et
1385 2188 1486 2224 subst.
1507 2187 1712 2225 secuudum

207 2260 372 2288 mutatur
385 2249 420 2283 in
435 2246 531 2288 adv.)
544 2255 636 2290 quae
656 2241 771 2276 maior
782 2240 895 2276 fuerit
915 2238 954 2274 in
974 2239 1068 2278 hoc,
1099 2237 1712 2286 adimperiilonginquitatempro-
1778 2239 1781 2270 ζ

207 2300 398 2336 vehuntur,
420 2308 496 2343 quo
519 2294 559 2328 in
581 2305 614 2326 v.
635 2289 766 2326 G.Th.
788 2287 976 2333 ‚,metaph.
991 2287 1490 2334 adhibetur,utprogredi‚—-
1507 2286 1658 2321 lonoius
1669 2287 1712 2322 in
1780 2295 1782 2298 ’

208 2346 370 2385 amicitia
389 2343 559 2393 provet‘li,
575 2338 885 2388 (essg-rcffione‚)
904 2357 943 2366 —-
962 2337 1176 2384 procedere,
1200 2342 1258 2381 (ut
1267 2336 1352 2372 Sch.
1366 2337 1404 2371 in
1415 2341 1459 2378 εἰς
1485 2335 1556 2376 „ad
1568 2317 1711 2383 {liquid
1779 2338 1782 2369 4

205 2397 423 2448 procedere‚)
443 2391 596 2441 provehi
618 2391 832 2434 adoptatos
854 2387 999 2423 exitus“
1034 2397 1075 2421 nt
1092 2385 1154 2421 hic
1174 2386 1310 2421 toleres
1333 2385 1410 2421 Lat.
1441 2383 1521 2431 pass.
1545 2395 1583 2420 et
1602 2396 1709 2420 com-

208 2446 311 2494 pos„
339 2455 423 2479 cum
444 2455 503 2479 vix
523 2441 566 2476 ad
585 2441 653 2476 Gr.
676 2447 826 2482 tropum
845 2436 992 2471 accedas
1014 2434 1086 2469 alio
1102 2435 1164 2469 aet.
1186 2446 1224 2469 et
1245 2432 1378 2480 firnpl..
1414 2433 1462 2469 cf.
1487 2433 1532 2467 de
1553 2431 1707 2477 subst-u.

207 2498 320 2533 Dem.
336 2493 415 2529 lnd.
436 2502 474 2528 et
498 2500 535 2536 13
549 2503 578 2530 ι,
603 2501 657 2533 ις.
679 2487 727 2530 τῷ
744 2486 840 2530 μήκει
858 2487 918 2521 τοῦ
933 2490 1102 2527 πολέμου,
1126 2483 1166 2519 it.
1191 2492 1271 2524 158,
1288 2494 1400 2528 pem,
1426 2493 1468 2518 ut
1485 2483 1531 2517 de
1551 2481 1631 2517 adv.
1648 2483 1708 2519 α’κ.
1775 2488 1779 2529 j

208 2544 289 2591 (ubi
310 2545 390 2589 ng..
418 2540 559 2577 deserto
576 2541 634 2579 P.,
669 2547 732 2582 per
762 2535 959 2570 formulam
979 2533 1058 2580 syn.
1089 2545 1109 2567 e
1129 2544 1248 2578 praep.
1270 2543 1353 2567 cum
1375 2531 1500 2572 subst.‚
1534 2541 1579 2566 ut
1605 2531 1709 2576 Sch.)
1776 2540 1779 2573 ᾗ

170 2603 172 2606 ’
206 2593 288 2630 Jnd.
309 2591 430 2626 Thuc.
452 2601 490 2624 et
511 2591 640 2628 Deum,
680 2582 738 2618 cui
760 2583 843 2619 add.
869 2595 948 2626 ¹5⁴·
970 2586 1027 2618 26.
1056 2592 1141 2626 473,
1166 2592 1197 2624 ς.
1226 2591 1264 2616 et
1281 2581 1324 2616 R.
1343 2582 1408 2617 Or.
1430 2582 1476 2615 V.
1501 2592 1531 2623 ς.
1559 2592 1594 2626 p.
1625 2590 1708 2623 107.
1773 2578 1778 2616 ’ς

207 2643 261 2681 N.
285 2652 362 2687 34„
392 2640 552 2674 abeunte
573 2639 610 2671 Ρ.
633 2650 649 2669 a
671 2634 734 2667 Gr.
758 2646 818 2677 per
836 2632 1000 2668 additum
1021 2631 1100 2666 adv.
1133 2631 1290 2672 „demum
1308 2650 1343 2656 -
1361 2630 1426 2665 diu
1450 2639 1523 2664 tuto
1543 2639 1614 2674 que
1637 2629 1706 2664 im·
1773 2639 1776 2650 ·

203 2693 367 2743 peranr‘
398 2700 435 2722 er
455 2698 605 2735 quoque
625 2695 688 2731 per
707 2681 910 2717 adiunctam
933 2679 1124 2727 copulam,
1160 2679 1207 2714 ob
1236 2678 1311 2714 duo
1331 2677 1411 2713 adv.
1429 2677 1704 2718 concurrentia,
1773 2675 1775 2718 ζ

208 2740 270 2777 sed
292 2748 480 2785 praeterea
503 2739 538 2771 δὲ
561 2747 625 2782 pro
644 2735 713 2777 γὰρ
734 2731 964 2778 exprimente
980 2729 1019 2764 in
1037 2728 1181 2776 quippe,
1211 2727 1279 2763 ‘sed
1300 2739 1341 2763 ut
1365 2727 1426 2762 hic
1443 2726 1555 2762 ctiam
1575 2737 1706 2773 proce·
1772 2721 1775 2740 ³

210 2791 270 2826 dat
291 2784 431 2834 vulgari
448 2785 552 2826 sensu
571 2795 656 2819 cum
679 2782 742 2828 Bg.
756 2803 767 2821 .
803 2779 960 2817 relatum
988 2776 1034 2813 ad
1052 2773 1130 2814 οὔτε
1150 2776 1181 2823 §.
1206 2789 1262 2826 pr.
1275 2801 1288 2820 ,
1323 2788 1345 2813 e
1370 2787 1446 2825 quo
1463 2777 1530 2826 Bg.
1553 2775 1595 2814 in
1617 2773 1699 2824 sqq.

1796 885 1798 895 A

1795 942 1798 954 l
