1829 3173
697 144 1136 190 PRAEFATIO.
1569 167 1684 198 x111

300 261 455 306 Notae
471 273 578 304 vero
598 257 816 320 historicae
836 256 1007 303 anobis
1026 268 1248 303 venerunt
1266 274 1446 321 paucae,
1470 264 1685 324 quoniam

161 328 215 377 ab
234 329 324 375 aliis
344 344 438 383 res,
470 329 517 373 in
538 325 655 374 fausto
677 322 867 390 positae,
899 336 1119 388 quatenus
1134 326 1423 374 Herodianus
1441 345 1589 376 narrat
1610 331 1685 379 ali-

160 409 241 452 ter,
263 414 394 460 quarn
413 397 500 443 Dio
521 407 597 442 aut
620 394 702 447 alii,
723 394 807 439 iam
829 393 1014 440 fuerunt
1033 394 1128 441 fere
1151 392 1438 460 compositae.
1490 400 1684 456 Tamen,

157 467 192 515 fi
214 465 318 531 quid
340 467 382 510 in
405 481 504 510 eam
533 474 707 528 partem
727 461 973 518 nossemus,
1006 463 1256 518 attulimu5‚
1290 465 1568 529 aliorumque
1587 484 1682 515 mo-

157 538 253 584 nita
273 531 554 580 adhibuimus
574 569 584 589 ,
621 533 667 578 in
694 533 850 596 primis
876 531 950 577 illa
972 548 997 577 e
1018 534 1156 578 Notis
1189 531 1241 578 ad
1261 533 1461 579 Dionem
1481 534 1682 584 Caffium.

291 636 380 684 Sed
418 634 668 684 historicam
706 647 879 700 partem
919 637 1110 681 maxime
1148 637 1342 682 iuvimus
1380 635 1552 683 lumine
1587 638 1685 699 isto,

155 705 280 771 quod
299 707 417 771 petit
435 723 459 751 a
477 706 755 770 chronologia,
789 703 1001 751 addentes
1023 705 1320 768 proptereain
1342 708 1540 765 margine
1561 709 1682 772 capi-

155 788 254 823 tum
277 776 675 837 narrationumque
695 773 893 838 partibus
915 771 1093 831 singulis
1115 790 1254 819 annos
1276 783 1375 820 tum
1388 773 1681 823 urbisRoma-

153 860 263 896 nae,
297 855 395 890 tum
430 839 588 889 Christi
618 843 730 898 nati,
775 842 910 906 idque
939 844 1100 906 partim
1130 859 1180 886 ex
1210 839 1386 888 historia
1413 843 1682 904 Anglorum,

154 914 290 976 quam
305 906 490 957 'Illustris
512 911 723 972 Heynius
747 921 905 974 quarto
927 910 1158 956 volumine
1177 909 1334 965 edidit,
1375 912 1539 974 partim
1569 926 1682 960 vero

153 997 205 1026 ex
227 978 424 1025 editione
446 988 541 1024 tum
560 977 807 1024 Herodiani
830 978 1051 1028 Patavina,
1093 988 1191 1022 tum
1213 978 1489 1024 Reimariana
1509 982 1684 1037 Dionis,

154 1050 366 1111 quoniam
387 1062 471 1099 res,
507 1063 531 1091 a
554 1043 723 1091 Nostro
742 1043 963 1100 trac'jatae²
993 1061 1086 1093 non
1107 1059 1264 1092 omnes
1285 1044 1412 1092 fimul
1431 1049 1476 1093 in
1497 1048 1566 1095 his
1588 1049 1682 1097 lau·

152 1116 263 1162 datis
286 1112 406 1160 libris
427 1111 787 1177 reperiebantur,
821 1113 893 1159 sed
923 1113 1139 1176 quaedam
1170 1111 1400 1174 neglestae
1426 1131 1477 1160 ac
1502 1115 1678 1166 silentio

144 1183 430 1247 praeteritae,
463 1184 726 1229 nominatim
747 1180 800 1227 ab
822 1182 1003 1243 Anglis,
1037 1194 1089 1228 ut
1107 1181 1289 1229 subinde
1312 1200 1394 1246 per
1412 1187 1558 1232 Notas
1579 1197 1679 1233 mo·—

142 1253 236 1297 nui.
305 1252 359 1311 In
382 1266 472 1314 quo
496 1267 600 1296 cum
623 1266 790 1313 operae
809 1251 1037 1297 interdum
1057 1268 1150 1297 non
1173 1249 1415 1315 posuissent
1435 1270 1564 1311 veros
1592 1272 1677 1302 nu·

144 1336 309 1374 meros,
342 1329 394 1365 ut
410 1319 454 1365 in
465 1318 721 1366 Commodo
737 1335 761 1363 a
778 1335 869 1384 cap.
886 1326 926 1374 8.
947 1319 1048 1366 inde
1070 1318 1122 1365 ad
1136 1337 1171 1366 c.
1191 1336 1281 1367 11.:
1317 1337 1514 1369 errorem
1536 1323 1675 1383 hunc,

141 1387 308 1434 tardius
329 1404 353 1432 a
371 1405 446 1433 me
465 1386 834 1442 animadversum,
871 1388 917 1433 in
941 1388 1060 1436 calce
1084 1386 1212 1434 fimul
1240 1388 1570 1438 emendandum
1603 1395 1671 1438 in-

142 1453 302 1512 dicavi,
335 1452 512 1502 coatius
537 1455 717 1521 quidem
736 1473 818 1520 per
835 1455 1051 1504 librorum
1076 1457 1151 1503 hic
1171 1460 1406 1521 penuriam
1425 1469 1668 1507 contentus

140 1522 225 1570 effe
246 1523 550 1589 praesentibus
571 1522 658 1571 istis
677 1521 926 1589 praesidiis,
955 1525 1028 1572 sed
1052 1527 1231 1586 gratiam
1257 1524 1509 1583 habituruS,
1540 1526 1570 1574 fi
1592 1530 1668 1593 qui
1732 1530 1733 1533 ’

137 1593 185 1641 in
205 1593 322 1641 hanc
346 1593 715 1655 chronologicam
734 1595 958 1641 rationem
979 1595 1164 1642 meliora
1184 1592 1524 1642 subministrent.

271 1697 503 1755 Similiter,
547 1699 646 1761 quia
663 1714 766 1744 cum
795 1697 1016 1746 Fabricius
1036 1701 1360 1762 Reimaiusque
1379 1699 1431 1746 ad
1450 1702 1663 1760 Dionem,

133 1775 232 1812 tum
253 1768 490 1813 Leisnerus
524 1777 569 1812 et
589 1767 796 1814 Strothus
816 1767 866 1812 ad
888 1766 1201 1815 Herodianum
1222 1769 1365 1832 ipsum
1386 1786 1531 1815 numos
1560 1768 1661 1818 'sub-

132 1833 238 1879 inde
258 1846 646 1898 comparaverant‚
689 1834 852 1900 quibus
883 1837 954 1883 vel
987 1834 1360 1882 confirmarentur
1388 1839 1459 1883 vel
1480 1837 1660 1885 illustra-

133 1911 290 1947 rentur
310 1916 403 1955 res,
441 1919 462 1946 a
483 1900 654 1948 Nostro
676 1918 1074 1960 commemoratae,
1107 1905 1270 1952 horum
1302 1905 1479 1952 secutus
1511 1925 1659 1954 exem-

130 1967 285 2032 plum,
329 1967 485 2024 adieci,
526 1985 638 2032 quae
670 1987 721 2016 ex
762 1971 852 2016 hoc
881 1988 1045 2032 genere
1084 1973 1388 2036 excerpseram
1428 1974 1658 2036 quondam

129 2041 328 2100 (praeter
347 2037 543 2099 aliquem
565 2038 748 2096 librum,
781 2041 905 2085 cuius
926 2041 1082 2085 titulus
1104 2042 1214 2086 mihi
1235 2043 1368 2104 periit
1387 2043 1430 2086 in
1447 2041 1657 2091 Adversa-

125 2105 223 2158 riis,
259 2102 336 2151 ubi
357 2104 461 2151 inde
483 2105 734 2170 scripseram
759 2110 1067 2154 numismatica
1082 2144 1092 2163 ,
1126 2107 1248 2154 unde
1267 2110 1311 2155 in
1327 2111 1464 2156 Notis
1484 2111 1652 2159 addidi:

124 2172 284 2235 nesab,
317 2177 529 2233 unde,)'ex
542 2175 690 2221 Oiselii
711 2175 921 2223 thesauro
943 2175 1211 2223 seleuorum
1232 2179 1553 2225 numismatum
1576 2197 1652 2226 an-

120 2241 376 2304 tiquorum,
417 2243 524 2288 item
555 2259 580 2288 e
599 2241 810 2310 similibus
832 2243 1043 2309 operibus
1065 2246 1347 2309 Spanhemii,
1379 2246 1570 2294 Banduri
1600 2265 1651 2295 ac

124 2307 288 2363 Laudi,
331 2327 357 2356 e
385 2312 636 2377 Begerique
665 2311 870 2360 thesauro
901 2312 1173 2368 Brandenb.,
1210 2312 1330 2360 unde
1368 2325 1415 2360 et
1446 2331 1650 2375 gemmas

123 2375 294 2422 laudavi
314 2378 545 2441 quasdam,
578 2390 623 2426 et
647 2380 689 2426 id
716 2381 861 2445 ipsum
893 2393 968 2428 aut
997 2379 1139 2428 statim
1169 2383 1212 2429 in
1235 2383 1373 2429 Notis
1403 2382 1481 2430 sub
1510 2394 1650 2442 textu,

123 2454 199 2491 aut
219 2446 262 2490 in
286 2445 535 2504 Addendis‚
569 2446 600 2494 fi
625 2449 730 2512 quid
750 2450 915 2497 tardius
938 2451 1170 2511 cognitum
1193 2449 1309 2498 esset.
1382 2451 1469 2497 Sed
1497 2453 1544 2498 in
1575 2454 1647 2500 his

120 2513 230 2560 olim
253 2513 538 2580 excerpendis
553 2533 658 2563 cum
679 2516 856 2575 brevius
876 2518 1071 2566 versatus
1093 2517 1238 2574 essem,
1268 2530 1313 2566 et
1326 2516 1488 2567 deinde
1508 2520 1646 2569 libros

117 2595 213 2628 non
240 2583 432 2647 amplius
452 2582 693 2632 habuissem
717 2586 855 2650 ipsos:
896 2588 1096 2634 universe
1118 2599 1291 2635 tantum
1316 2589 1361 2633 in
1383 2590 1524 2634 Notis
1546 2587 1644 2637 sub-

111 2647 222 2696 ¹inde
243 2649 391 2697 dicere
412 2651 561 2709 debui,
594 2672 630 2700 v.
654 2673 689 2700 c.
714 2655 837 2701 hunc
859 2656 928 2702 vel
958 2656 1087 2703 illum
1108 2673 1298 2703 numum
1330 2672 1396 2720 ap.
1418 2659 1643 2718 Begerum

112 2715 270 2765 referri
297 2719 349 2766 ad
381 2732 554 2769 certum
588 2723 781 2788 aliquem
800 2723 956 2772 Nostri
977 2727 1153 2783 locum,
1199 2723 1323 2791 quod
1355 2741 1436 2791 per
1468 2726 1509 2771 se
1540 2727 1640 2775 sane
