1772 3158
491 137 790 183 EXCVRSVS
820 137 904 180 AD
939 135 1087 180 LIBR.
1122 135 1157 184 I.
1462 137 1572 190 829

79 252 280 301 plurimum
300 248 464 298 quidem.
515 249 610 285 Nam
629 247 667 284 in
679 248 820 284 Comici
837 247 902 284 illo
922 246 939 282 ὅ
960 246 986 284 δ’
999 248 1185 293 ἐπιτρέψων
1201 248 1250 284 ἐς)
1259 249 1334 288 τίςς
1359 255 1440 282 tum
1450 243 1577 281 Schol.

81 301 255 349 exprimit
281 310 429 346 tempus
457 297 586 335 adiefti
617 296 822 344 participii,
852 301 952 339 (eum
980 309 1045 342 pro
1063 303 1116 335 τίς
1140 303 1194 340 μοὶ
1221 299 1385 341 ἐπιτρέψῃ
1410 294 1580 332 videatur

79 351 281 399 legendum
300 350 497 396 ἐπιτρέψει.)
520 360 598 384 tum
617 347 731 382 Eckh.
751 347 789 381 in
809 346 868 382 sua
888 347 951 381 Vs.
971 347 1050 393 quis
1071 356 1154 379 vero
1173 344 1247 379 hoc
1261 348 1470 391 permittet,
1498 355 1580 381 turn

80 401 181 446 vulg.
206 400 268 434 Vs.
291 399 368 446 quis
389 398 479 436 erit,
518 398 579 445 qui
603 396 676 430 hoc
694 397 907 443 permittat,
940 406 1035 438 quae
1058 394 1108 429 est
1122 392 1244 429 severa
1262 393 1370 428 huius
1397 396 1580 430 tormuiae

82 461 168 484 cum
185 449 287 483 artic.
308 446 518 482 reddendae
534 445 649 486 ratio,
677 445 764 480 dum
783 446 875 481 alius
894 442 1016 479 Schol.
1039 448 1091 484 τίς
1109 441 1210 479 αὐτὸν
1228 443 1267 489 ἒᾷ
1286 446 1500 485 ἀναχωςῆση
1514 454 1580 489 per

81 498 156 534 hoc
176 495 287 542 praes,
307 494 454 542 respicit
471 494 569 531 haud
589 493 700 530 dubie
718 506 751 528 v.
772 493 877 530 subst.
897 499 969 536 ἐςὶ,
1002 492 1042 529 in
1063 492 1165 528 cuius
1186 490 1289 538 impf.
1308 488 1343 532 ἦν
1365 503 1447 527 cum
1471 490 1583 539 parti-

78 547 150 593 cip.
167 546 354 582 interdum
372 544 486 580 inVs.
500 543 684 579 retinetur
699 542 804 591 impf.
820 567 831 584 ,
854 544 915 578 sed
935 542 1123 579 interdum
1141 539 1294 589 ponitur
1314 540 1450 587 piusq„
1475 539 1582 588 quod

78 595 120 632 in
139 594 261 631 Nostri
287 594 357 629 hoc
373 594 460 629 loco
478 604 515 629 et
534 591 708 639 exprimit
728 594 805 628 Lat.
825 603 980 638 uterque
1002 592 1100 638 Intp.
1122 603 1204 625 cum
1218 588 1366 630 Leism,
1387 600 1426 625 et
1442 588 1582 637 flagitat

79 656 136 692 pr.
158 648 356 688 ἐκεχείρωτο
376 641 474 678 idem
498 653 664 688 tempus;
695 653 905 688 quanquam
931 640 1032 676 fimus
1060 639 1156 675 adest
1177 635 1414 684 προσηγάγετο
1439 650 1515 674 aor.
1534 650 1582 680 2.,

78 691 145 740 qui
167 704 292 728 tamen
308 691 353 726 ad
373 690 492 738 piusq.
511 690 677 737 proxime
697 691 860 731 accedit,
885 701 923 726 et
942 702 1008 737 pro
1020 688 1087 725 illo
1106 688 1185 735 ipso
1209 689 1326 734 plusq.
1346 688 1452 733 saepe
1470 688 1583 734 poni-

77 752 163 781 tur,
190 751 232 776 ut
251 750 289 775 et
310 739 566 786 imperfeftum
581 765 592 781 ,
617 739 668 775 cf.
689 738 770 775 Exc.
788 739 832 774 ad
856 751 889 779 1,
913 749 945 785 3.
967 751 979 774 1
993 751 1021 774 ι.
1036 749 1090 778 e.‚
1116 738 1217 774 unde
1234 737 1333 773 forte
1350 736 1452 772 causa
1474 749 1582 785 repe·

77 799 206 829 tetur,
239 788 303 824 cur
322 787 428 834 impf.
451 785 487 831 ἐν
507 801 588 824 cum
609 788 779 836 particip.
798 801 862 835 per
881 789 1005 835 plusq.
1026 786 1214 822 interdum
1238 785 1485 822 reddendum.

171 839 253 874 Nos
274 837 438 884 quidem,
460 837 498 873 in
517 837 596 874 Ind.
615 849 649 873 v.
670 842 735 880 εἰμὶ
757 837 881 873 omnia
904 850 924 872 e
942 835 1077 873 Nostro
1096 836 1226 872 dantes
1246 846 1284 872 et
1304 835 1402 871 varia
1419 835 1500 871 eius
1521 846 1584 883 ge-

75 886 178 923 neris
198 887 289 927 loca,
317 885 377 923 hic
394 886 575 928 addimus,
602 885 823 933 periphrasin
843 886 937 921 hanc
953 885 1055 922 verbi
1069 898 1133 932 per
1144 885 1313 933 particip.
1327 895 1411 920 cum
1426 897 1459 920 v.
1473 883 1583 921 subst.

77 935 206 973 audire
227 935 483 972 Chalcidicum
505 936 649 972 schema
669 935 708 972 in
730 936 819 972 Obs.
841 936 895 971 Μ.
913 937 960 972 Α.
978 936 1025 970 V.
1049 946 1104 971 10.
1124 946 1159 980 Ρ.
1174 940 1277 976 216..
1304 947 1324 969 e
1341 933 1583 974 Lesbonaeke.

76 996 196 1034 pum,
235 985 315 1031 post
332 987 507 1020 Ammon.
531 997 565 1031 p.
584 997 658 1028 179·
675 1009 686 1024 2
721 989 939 1022 Χαλκιόιακὸν
952 1008 964 1026 ,
993 988 1035 1023 ὡς
1059 990 1098 1021 τὸ
1117 991 1290 1030 Σωκράτης
1312 987 1583 1028 ἂπολογούμενός

77 1039 128 1073 ἐςι
144 1038 217 1070 ἀντὶ
236 1035 298 1070 τοῦ
318 1038 552 1077 ἀπολεγεῖτουι.
603 1040 655 1071 'rit
676 1039 744 1079 ’γὰρ
777 1039 903 1080 §pis-suc}
934 1041 1000 1070 τῶν
1028 1032 1180 1079 ῥημάτων
1207 1039 1252 1075 εἷς
1272 1037 1423 1078 μετοχὰς
1445 1036 1585 1070 ἀναλύει

74 1087 165 1129 μετὰ
184 1085 246 1119 τοῦ
264 1080 331 1120 ἔςιν
355 1078 373 1125 23·
392 1088 478 1127 εἰμὶ,
514 1082 614 1119 unde
634 1086 740 1118 Salm.
758 1083 795 1118 in
816 1086 864 1119 N.
885 1082 1172 1122 „Chalcidicum
1193 1103 1230 1111 —
1248 1081 1344 1123 fuit,
1379 1094 1454 1129 quo
1473 1081 1586 1117 verba

73 1132 272 1168 indicativi
300 1133 391 1167 modi
401 1157 411 1171 ,
451 1131 650 1177 praesentis
670 1133 858 1179 temporis,
894 1131 1125 1168 resolvantur
1147 1131 1187 1168 in
1217 1130 1407 1178 participia
1435 1142 1520 1167 cum
1551 1142 1587 1165 v.

75 1181 182 1218 subst-
196 1181 305 1230 sum“
332 1193 398 1226 pro
414 1192 567 1225 quorum
590 1181 716 1228 primis
736 1182 858 1218 voluit
872 1179 968 1216 haud
986 1179 1102 1217 dubie
1111 1182 1216 1229 finiti
1232 1183 1337 1222 modi,
1363 1192 1434 1216 nec
1454 1177 1587 1216 debuit

74 1230 213 1266 addere
229 1229 425 1277 praesentis
445 1232 631 1278 temporis,
657 1243 740 1266 cum
761 1242 798 1266 et
817 1229 884 1265 alia
903 1241 1073 1278 tempora
1091 1229 1153 1266 hic
1174 1241 1390 1268 occurrant,
1425 1226 1586 1267 ut'fut.‚

73 1279 380 1325 manendumque
402 1278 473 1314 fuit
494 1279 533 1314 in
556 1279 638 1326 lege
657 1278 916 1320 Lesbonaffls,
954 1292 977 1315 e
993 1290 1066 1324 qua
1087 1280 1323 1315 Chalcidicum
1343 1278 1485 1314 schema
1496 1277 1588 1325 fini-

72 1338 117 1366 ta
134 1327 326 1364 verborum
343 1337 501 1372 tempora
513 1353 522 1367 ,
547 1331 607 1372 (ut
625 1330 879 1371 &mamm-tvm)
899 1329 938 1363 in
955 1327 1143 1375 participia
1162 1326 1308 1376 resolvit
1326 1339 1410 1364 cum
1421 1338 1457 1362 v.
1463 1324 1585 1375 [ubst--

72 1376 124 1414 cf.
147 1376 193 1411 ad
211 1377 332 1411 Thuc.
352 1388 385 1417 2,
406 1387 436 1419 5.
462 1377 608 1416 Schol.‚
633 1380 711 1422 Stp.
733 1378 807 1412 Th.
834 1388 865 1419 1,
889 1386 993 1423 ¹¹30·
1011 1377 1093 1413 F.e.
1119 1378 1211 1414 Bud.
1224 1379 1266 1413 C.
1290 1386 1370 1418 181,
1396 1388 1448 1419 ις.
1474 1374 1585 1426 Ἇῑςβὶ

72 1426 119 1462 ad
141 1424 256 1461 Diod.
281 1427 318 1461 S.
340 1437 370 1466 1,
393 1436 471 1468 117.
491 1426 539 1462 N.
554 1438 633 1470 91.,
670 1426 773 1462 cuius
802 1439 823 1461 e
843 1426 958 1472 Soph.
987 1425 1082 1462 Phil.
1108 1426 1160 1462 est
1185 1439 1220 1462 v.
1241 1438 1324 1471 440.
1345 1422 1513 1468 τεθνηκὼς
1534 1428 1585 1466 ἦν.

74 1485 248 1512 mortuus
267 1484 369 1515 erat,
405 1474 444 1510 L.
461 1474 541 1510 Bos.
559 1474 627 1511 Eu.
646 1487 682 1522 p.
697 1488 778 1520 422.
799 1475 849 1511 N.
870 1477 918 1510 T.
937 1476 975 1510 L.
996 1476 1085 1512 Krb.
1104 1488 1141 1522 p.
1155 1487 1237 1521 194.
1259 1477 1328 1512 Nr.
1346 1478 1401 1519 1),
1427 1473 1586 1510 Munth.

73 1537 108 1574 p.
132 1535 213 1576 274:
237 1536 283 1558 m.
306 1523 443 1558 Loesn.
466 1535 498 1568 p.
515 1528 571 1559 26.
592 1537 644 1565 e.,
680 1525 725 1560 ad
747 1526 837 1561 Luc.
862 1537 895 1565 2,
915 1535 995 1571 351.
1015 1525 1062 1562 N.
1084 1534 1167 1571 23.,
1203 1524 1266 1560 ubi
1293 1525 1366 1561 huc
1390 1522 1587 1571 respicitur

73 1588 159 1618 wag.
182 1577 219 1614 ἦν
239 1588 273 1608 τ.
295 1573 322 1609 ὅ.
350 1584 416 1618 pro
434 1576 629 1618 ἐκράτησέ(
657 1583 699 1608 ut
717 1586 749 1619 p.
776 1586 854 1618 599.
873 1574 964 1609 N.a.
982 1572 1008 1608 i.
1038 1573 1108 1610 alia
1137 1574 1380 1621 proferuntur
1406 1572 1589 1618 exempla,

74 1633 239 1669 quorum
258 1621 339 1657 Aei.
361 1620 456 1656 V.h.
476 1633 510 1661 2,
526 1636 563 1665 4.
585 1621 610 1656 i.
638 1633 716 1658 non
739 1633 846 1658 tenet
870 1623 975 1663 lud..
1005 1623 1069 1659 sed
1094 1623 1195 1659 aliud
1223 1636 1258 1658 v.
1279 1630 1319 1660 εἴ.
1343 1635 1387 1659 ex
1413 1634 1448 1666 ς.
1471 1634 1524 1666 14.
1546 1619 1585 1661 i·-

75 1670 159 1708 lud.
179 1671 274 1706 Xen.
295 1682 330 1704 v.
350 1674 391 1705 εἰ.
411 1682 444 1704 e.
469 1670 511 1706 Z.
533 1671 616 1717 Cyr.
636 1672 751 1708 Mem.
772 1673 808 1707 S.
826 1682 865 1707 et
884 1671 976 1718 Ἀγβ.
993 1696 1004 1713 ,
1041 1671 1103 1709 sed
1123 1671 1197 1708 fine
1216 1672 1297 1708 Iud.
1317 1685 1372 1720 ap.
1394 1672 1504 1707 Dem.
1525 1680 1586 1716 37,

75 1720 147 1756 ult.
175 1730 211 1762 9,
239 1730 293 1762 15.
319 1728 401 1764 132,
429 1729 483 1756 10.
515 1730 572 1762 ις.
593 1727 646 1759 18.
671 1732 730 1763 21,
755 1730 811 1766 13.
841 1726 976 1766 36‚2r.
1003 1732 1060 1762 72,
1084 1733 1141 1757 20.
1179 1732 1238 1767 54,
1257 1733 1313 1765 27.
1351 1733 1409 1765 52,
1433 1732 1487 1765 ¹4-
1529 1730 1586 1758 11.
1652 1741 1659 1746 -

78 1773 136 1805 16.
159 1781 192 1814 4.
223 1778 280 1814 13,
304 1776 357 1813 13.
385 1778 442 1810 54,
464 1779 520 1803 22.
549 1776 606 1813 30,
632 1778 687 1814 13.
714 1781 799 1805 cum
820 1769 907 1806 Rsk.
928 1769 972 1805 ad
992 1770 1114 1807 Nostr.
1139 1782 1172 1812 2,
1195 1780 1228 1816 3,
1248 1782 1285 1814 9.
1314 1770 1377 1806 sed
1398 1768 1445 1806 ad
1465 1767 1584 1814 Orph.

72 1831 113 1868 p.
129 1827 205 1863 335.
218 1829 251 1855 e.
272 1812 290 1853 ὃ
312 1823 387 1860 πρὶν
405 1815 492 1859 ἔχων
512 1813 590 1858 ὗες,
624 1829 693 1865 pro
715 1829 792 1866 quo
822 1818 861 1854 in
881 1830 988 1856 textu
1010 1815 1085 1861 ξεν,
1120 1819 1224 1867 quod
1246 1830 1286 1855 et
1313 1820 1379 1855 Vs.
1407 1818 1585 1865 exprimit

71 1879 141 1916 per
161 1866 310 1901 habebat
336 1865 403 1919 qh.
425 1878 455 1901 e.
476 1864 581 1911 εἶχες.
631 1866 792 1904 Videtur
813 1867 876 1903 issa
902 1866 1124 1916 paraphrasis
1151 1869 1194 1915 (f.
1213 1867 1443 1916 periphrasis)
1463 1866 1588 1902 conti·

72 1915 296 2000 nuationgrn
317 1914 477 1961 aliquam
496 1925 651 1958 notare,
678 1917 738 1953 diu
758 1917 950 1954 habebas«
977 1919 1081 1966 quod
1091 1918 1229 1955 vellem
1250 1930 1331 1955 non
1343 1917 1494 1959 distum,
1523 1913 1585 1952 sed

71 1977 154 2002 com
186 1977 226 2000 ro
253 1974 367 2000 atum.

161 1978 443 2061 pSubiungimus
463 2013 672 2060 promissum
695 2014 735 2052 in
752 2016 801 2053 N.
830 2015 876 2052 de
902 2014 1176 2053 construetione
1195 2029 1229 2053 ν.
1251 2020 1408 2063 κρατεῖν,
1440 2026 1519 2062 quo
1540 2013 1588 2050 de

75 2063 178 2100 Suid.
205 2076 239 2104 2,
262 2071 341 2108 371-
362 2063 385 2098 i.
406 2072 539 2108 κρατῶ,
568 2069 621 2102 ἐπὶ
639 2067 701 2102 τοῦ
719 2061 876 2112 κυριεόω.
899 2067 1036 2112 γενικῇ,
1071 2068 1243 2111 αἰτιατικῇ
1263 2071 1320 2107 δὲ,
1356 2062 1415 2104 ἔτι
1435 2069 1587 2109 σημαίνει

74 2112 118 2150 ἰδ
136 2119 232 2152 νικῶ,
266 2123 382 2160 quum
406 2111 493 2160 sign.
514 2114 670 2161 impero.
704 2115 872 2162 genitivo
902 2114 1092 2164 iungitur,
1126 2114 1334 2152 accusativo
1354 2128 1465 2158 vero,
1501 2125 1588 2149 curn

73 2160 166 2209 fign.
184 2162 300 2201 vinco,
333 2160 378 2196 ad
399 2172 508 2208 quam
523 2162 768 2200 differentiam
785 2163 987 2210 respexerit
997 2163 1208 2201 nostrorum
1220 2165 1313 2200 Mss.
1331 2163 1470 2205 austor,
1490 2174 1587 2210 quae

73 2222 202 2248 tamen
221 2222 300 2246 non
317 2210 368 2245 est
389 2221 584 2257 perpetua,
613 2224 652 2249 et
669 2215 769 2249 sorte
790 2213 898 2261 plane
920 2213 1042 2254 nulla,
1066 2225 1146 2250 tum
1167 2213 1212 2249 ad
1233 2212 1338 2250 Arist.
1358 2215 1430 2251 Av.
1449 2226 1483 2248 v.
1496 2222 1586 2257 4¹9·

73 2263 211 2306 κρατεῖν
228 2259 286 2296 τᾶν
304 2262 449 2305 ἐχθρὸν,
477 2259 618 2297 hostem
629 2263 800 2311 superare
812 2287 822 2302 ,
849 2261 969 2299 Schol.
990 2271 1190 2307 σημειωτέον
1209 2266 1257 2305 δὲ.
1283 2259 1383 2300 ὅτι-
1397 2262 1438 2299 τὸ
1448 2264 1585 2307 κρατεῖν

74 2312 253 2355 συνέταξεν
272 2310 467 2355 αἰτιατικῇ,
492 2310 557 2356 qui
580 2311 673 2348 adeo
692 2310 846 2349 miratur
865 2313 964 2348 hunc
984 2313 1126 2354 casum,
1152 2323 1327 2360 tanquam
1344 2311 1584 2350 insolentem.

71 2369 189 2411 quem
211 2367 335 2394 tamen
354 2369 388 2392 v.
406 2370 463 2412 {¹P·
482 2359 563 2404 Stp.
585 2361 659 2398 Th.
682 2373 716 2401 2,
739 2373 822 2406 412.
843 2363 877 2398 Β.
900 2372 933 2396 e.
949 2359 1051 2409 sqq„
1079 2374 1122 2399 ut
1141 2361 1387 2409 ap.Suid.1.1.
1407 2372 1494 2397 cum
1507 2370 1584 2395 acc.

73 2418 153 2449 ¹⁶¹1
180 2406 240 2443 sed
259 2419 294 2454 Ρ·
314 2415 393 2450 370·
406 2418 430 2441 ¹·
453 2412 599 2453 κρατεῖν.
624 2411 727 2458 νικᾷν,
755 2411 915 2452 vincere,
934 2413 1145 2458 exemplum
1156 2422 1240 2447 cum
1251 2410 1394 2449 acere„
1407 2407 1540 2455 λαγωδν
1550 2420 1586 2445 Α.

73 2455 259 2492 convenit
284 2455 374 2492 illud
404 2454 504 2502 prius
529 2456 744 2502 decretum,
781 2472 867 2496 curn
888 2469 927 2497 et
947 2472 981 2495 v.
1000 2460 1134 2498 eodem
1153 2459 1259 2497 sensu
1279 2473 1364 2497 cum
1385 2472 1470 2510 gen.
1491 2456 1583 2506 pers:

73 2503 120 2542 fit
136 2504 340 2553 frequens,
365 2503 413 2540 cf.
434 2503 554 2542 Thuc.
573 2519 634 2552 45,
660 2520 714 2552 19.
741 2521 826 2551 220,
846 2517 905 2551 28.
935 2522 1014 2555 142,
1036 2523 1090 2555 ¹4-
1124 2515 1205 2556 164,
1217 2521 1275 2556 97.
1299 2521 1380 2555 192,
1391 2523 1450 2557 79.
1471 2507 1582 2544 lsocr.

75 2553 166 2590 Pan.
190 2558 249 2598 76,
269 2565 330 2589 22.
360 2562 420 2594 80,
442 2564 495 2601 13.
518 2556 612 2592 Xen.
632 2558 749 2594 Mem.
769 2559 805 2595 S.
829 2570 862 2607 3,
881 2571 914 2601 2,
937 2572 967 2595 1.
981 2573 1014 2597 e.
1034 2572 1117 2596 cum
1138 2560 1220 2596 lnd.
1239 2561 1279 2595 Z.
1299 2559 1410 2606 Ἀνβ..
1439 2556 1583 2595 Ae1.v.

72 2603 111 2641 h·
137 2614 169 2659 3?
193 2612 246 2644 ¹8.
274 2615 308 2647 7,
333 2614 388 2646 ¹9·
414 2604 500 2640 LUC-
525 2614 648 2651 ¹·388.
667 2608 762 2652 l·99.
787 2620 870 2652 775,
890 2620 969 2652 29..
992 2620 1036 2646 ut
1056 2610 1103 2646 de
1121 2608 1201 2645 aliis
1222 2609 1451 2646 temonibus
1468 2607 1582 2644 etiam

71 2653 166 2690 Poss.
187 2653 280 2708 Call.
310 2662 349 2689 et
366 2654 473 2699 Synt.
495 2665 580 2690 cum
601 2655 705 2693 lndd.
729 2658 825 2694 Xen.
849 2669 887 2693 et
905 2659 1038 2700 Dem..
1073 2659 1174 2695 unde
1197 2658 1293 2696 saiva
1320 2659 1440 2696 adhuc
1469 2655 1581 2694 leffio

70 2702 196 2741 Nostri
214 2702 316 2752 vulg·
329 2725 341 2744 s
367 2712 407 2741 et
423 2701 535 2741 altera
553 2704 643 2743 Mss.
660 2705 800 2745 librarii
818 2717 884 2745 aut
900 2707 1057 2746 errantis
1074 2708 1115 2747 in
1137 2708 1295 2754 litteris,
1329 2721 1393 2748 aut
1416 2704 1530 2747 scioli.
