1798 3163
88 90 170 136 DE
199 87 575 135 HERODIANO
606 84 865 144 EIVSQVE
894 83 1055 132 VERS.
1086 83 1378 134 RERGLER.
1431 99 1609 131 xxxrx

87 198 126 236 se
145 197 286 246 aliquid
304 197 346 234 in
368 207 471 234 textu
493 207 625 245 graeco
641 195 816 238 mutasse,
844 206 910 233 aut
936 195 1160 234 mutandum
1182 195 1339 243 putasse5
1375 206 1420 231 ex
1447 192 1524 241 ipsa
1552 202 1609 229 ta-

87 260 178 286 men
205 245 518 294 interpretatione
536 257 616 282 non
637 256 744 291 aegre
770 245 946 294 colligas,
980 258 1066 282 eum
1097 256 1208 292 quam
1235 243 1432 293 saepiffime
1453 242 1609 279 mendas

87 299 136 336 de
165 307 270 334 textu
300 295 492 337 exemisse,
527 305 567 331 et
588 306 697 342 quarn
724 294 897 342 plurimis
919 294 1013 331 locis
1043 305 1194 332 manum
1221 294 1401 332 medicam
1429 303 1517 328 ante
1542 290 1607 327 ad-

83 346 258 388 movisse,
294 357 404 393 quam
423 343 468 380 ad
487 356 528 380 ea
549 343 829 390 interpretanda
847 343 1052 380 accederet.
1114 344 1231 384 Nunc
1260 357 1325 391 per
1354 341 1496 391 singula
1514 351 1607 377 eun·

84 397 157 436 do,
191 392 369 442 exemplis
391 394 429 429 in
450 392 615 429 medium
637 391 756 429 allatis
771 417 782 434 ,
816 391 929 430 fidem
946 393 1004 429 his
1022 391 1193 430 laudibus
1211 392 1415 435 faciamus,
1452 401 1541 439 quas
1560 388 1603 428 in

80 444 355 494 Berglerianam
381 441 735 489 interpretationem
756 442 1001 480 contulimus.

185 492 361 531 Diximus
382 491 540 540 Bergleri
563 490 769 528 versionem
790 492 864 528 hoc
884 492 1041 535 habere,
1066 503 1132 534 ut,
1165 503 1260 540 quae
1280 490 1324 528 sit
1343 499 1492 539 graecae
1513 500 1605 525 con-

82 541 292 580 ssruc'tionis
316 540 434 582 ratio,
472 551 508 577 et
528 539 750 587 singularum
774 553 912 578 vocum
931 540 1113 589 potestas.
1146 541 1294 589 planius
1314 538 1487 576 declaret.
1548 538 1604 575 Ex

81 590 291 630 innumeris
311 589 509 636 exemplis,
534 601 629 636 quae
649 589 738 626 huic
756 590 809 627 rei
833 592 1064 628 documento
1084 589 1178 634 fint,
1205 601 1319 639 pauca
1341 588 1558 638 deligamuS.

133 653 167 677 ι.
192 640 305 678 Libro
316 641 344 676 1.
363 641 456 676 c.11,
479 639 511 687 §.
529 650 562 683 9.
600 646 687 685 Πρός
717 655 758 676 τε
785 646 866 682 τοῦς
891 644 937 677 τὲ
963 641 1103 686 hena-4322:
1132 649 1191 683 τῆς
1209 647 1292 685 γῆς,
1325 634 1407 679 ἔθνη
1428 643 1605 685 βάρβαρα.

178 690 411 728 κατοικοῦντας
440 698 512 724 etc.
583 687 791 725 Pontianus
829 689 944 726 vertit
964 704 971 723 ε
1021 688 1192 739 advezsur
1228 687 1406 725 barbaras
1440 687 1603 722 nationes

170 738 411 789 septentrioni
423 735 611 785 subieft'as.
661 737 774 774 Reste
794 737 871 775 fine
890 737 1019 775 dubio.
1070 739 1264 788 Berglerus
1284 749 1374 774 vero
1388 751 1399 772 ε
1428 734 1602 785 adversus

171 801 249 832 eos,
276 788 337 836 qui
347 785 647 836 septentrionales
666 797 791 824 terrae
802 797 930 837 partes
949 789 1127 830 incolunt,
1155 788 1339 825 barbaros.
1391 786 1522 834 Aeque
1543 796 1603 821 re-

174 838 254 880 stej
296 836 359 874 sed
382 837 433 874 ad
455 837 640 873 rationem
668 835 955 874 constructionis
977 837 1244 884 pervidendam
1271 832 1600 873 accommodatius.

180 889 291 925 Patet
313 898 358 922 ex
375 884 443 921 hac
462 885 798 932 interpretatione,
830 893 911 928 τοῦς
926 891 973 923 τὰ
991 888 1132 933 &exv-1932
1155 894 1217 929 τῆς
1234 894 1299 931 γῆς
1315 885 1360 922 sc.
1379 891 1463 931 μέρη
1486 898 1604 921 καιτοι-

176 939 320 977 κσῧντας
343 934 464 970 vocari
487 947 550 981 per
567 931 768 980 ἐπεξῆγησιν
781 958 792 976 ,
829 931 913 976 ἔθνη
933 940 1105 981 βάρβαρα.
1164 933 1352 982 Tanaquil
1369 935 1485 970 Faber
1505 931 1528 968 si
1547 930 1601 968 ita

176 984 432 1022 considerasset
457 984 556 1019 hunc
576 983 725 1025 locum,
751 983 986 1030 temperasset
1005 982 1066 1019 fibi
1085 984 1186 1021 haud
1208 984 1335 1026 dubie,
1361 984 1454 1030 quin
1473 992 1604 1017 emen-

173 1035 301 1074 daret.
334 1033 572 1081 legeretque:
615 1033 753 1078 ἃςκτᾷκ
773 1029 839 1075 ἷῖθη
859 1037 1073 1078 βαρβάρους,
1109 1044 1153 1070 ut
1173 1029 1240 1077 ἤθη
1268 1032 1338 1070 fint
1350 1031 1451 1081 fides
1478 1041 1517 1066 et
1532 1038 1603 1079 pa-

174 1085 246 1120 trii
263 1084 369 1118 lares.
413 1081 539 1117 Mutat
558 1079 710 1129 quidem
727 1082 844 1118 Faber
864 1082 988 1129 paullo
1010 1081 1091 1128 post
1107 1094 1298 1124 mentem.
1324 1091 1515 1129 negatque
1533 1090 1601 1115 vo-

175 1145 259 1169 cem
285 1127 366 1174 ἔθνη
390 1131 630 1176 mutandam-2
662 1127 749 1179 quia
769 1142 899 1179 graece
925 1131 1065 1168 dicatur
1089 1133 1249 1180 populus
1270 1130 1403 1178 aliquis
1433 1128 1600 1166 habitate

178 1192 345 1230 gentem.
399 1179 470 1216 Sed
490 1192 642 1221 vereor,
675 1190 719 1216 ut
737 1180 798 1216 vel
818 1180 887 1216 hac
909 1179 1161 1228 explicatione
1186 1181 1250 1218 fibi
1270 1181 1469 1229 quisquam
1496 1177 1600 1215 satis-

169 1230 308 1268 fastum
329 1239 455 1276 putet.
509 1229 604 1266 Nam
623 1229 721 1276 apud
733 1229 992 1266 Herodianum
1010 1242 1092 1266 non
1113 1230 1290 1268 dicuntur
1315 1231 1483 1266 barbarae
1507 1239 1600 1276 gen·

173 1291 232 1318 tes
251 1279 427 1316 habitari:
462 1277 641 1315 dicuntur
656 1278 967 1325 septentrionales
987 1289 1108 1317 terrae
1130 1292 1253 1328 partes
1270 1277 1450 1320 habi-tari,
1477 1276 1599 1324 iique,

174 1342 196 1365 a
215 1328 351 1376 quibus
370 1325 588 1371 hab'itentur
601 1353 611 1369 ,
633 1326 704 1363 effe
723 1327 878 1365 barbari.
928 1329 1012 1366 Nec
1029 1329 1136 1366 locus
1146 1329 1293 1367 Arriani
1311 1340 1356 1365 ex
1371 1325 1485 1364 initio
1496 1325 1600 1373 MV.

170 1379 287 1424 Ἀναβ.
309 1376 509 1426 quicquam
526 1376 608 1413 viro
628 1375 739 1414 dosto
758 1377 930 1426 prodest,
964 1377 989 1414 fi
1006 1377 1103 1417 reste
1125 1379 1306 1428 capiatur.
1359 1375 1432 1415 Sed
1452 1375 1492 1412 id
1518 1371 1600 1423 qui-

171 1427 258 1465 dem
280 1438 380 1464 nunc
398 1439 477 1463 non
495 1425 650 1475 agimus.

124 1489 162 1516 2.
185 1477 432 1523 ’τπηςετοῦσης
453 1480 601 1522 ἐξουσίας
621 1477 651 1517 1,
672 1487 708 1522 4,
730 1487 788 1524 13.
814 1475 993 1514 Politian.
1013 1478 1053 1514 in
1069 1478 1229 1515 maxima
1238 1476 1407 1515 licentia:
1432 1472 1596 1524 Ber-gler-

165 1526 409 1577 subserviente
427 1525 586 1562 licentia.
636 1524 740 1566 Quid
761 1524 805 1563 fit
823 1526 1012 1573 ὖπηρετεῖν,
1041 1526 1250 1565 l’olitianus
1268 1539 1347 1564 non
1364 1524 1498 1561 docet:
1530 1522 1603 1558 do·

165 1588 228 1614 cet
247 1575 454 1624 Berglerus.
502 1574 674 1611 Licentia
692 1575 833 1612 dicitur
851 1578 1042 1625 eleganter
1062 1576 1269 1614 subservire
1289 1576 1352 1612 seu
1369 1573 1599 1613 obsecunda-

167 1639 210 1663 re
229 1622 515 1672 cupiditatibus,
540 1623 578 1660 id
596 1623 660 1666 est,
686 1624 762 1660 hoc
781 1625 974 1672 praestare,
999 1634 1044 1662 ut
1060 1626 1212 1673 explere
1232 1624 1458 1672 cupiditates
1478 1620 1598 1670 postis.

122 1683 158 1724 3.
182 1675 457 1721 Πκςκγγέλθητε
488 1676 526 1716 δὴ
545 1674 647 1712 πᾶσιν
668 1675 780 1712 ἐλθεῖν
807 1679 856 1717 εἷς
880 1681 922 1712 τὸ
941 1676 1057 1718 εἰωθὸς
1078 1678 1191 1713 πεδίον
1219 1678 1342 1715 αὐτοῦς
1363 1672 1597 1718 ὖποδέχεσθαθ

172 1727 202 1765 1,
224 1736 256 1768 ς,
275 1734 307 1769 3·
355 1723 534 1760 Politian.
570 1722 734 1760 Edietum
755 1723 878 1772 itaque
898 1724 1077 1767 omnibus,
1109 1734 1150 1762 ut
1179 1725 1218 1761 in
1247 1733 1407 1773 campum
1433 1723 1475 1758 de
1503 1731 1600 1757 more

172 1772 324 1821 adffnt
333 1771 404 1819 fre
429 1781 563 1808 uenter.
623 1773 838 1820 Berglerus:
877 1774 1193 1822 denuntiatumque
1213 1774 1260 1824 est
1274 1798 1285 1814 .
1317 1782 1357 1808 ut
1380 1769 1531 1821 adffnt
1560 1770 1599 1805 in

176 1831 336 1870 campum
353 1822 388 1866 ip
406 1834 441 1857 os
459 1822 621 1869 echpere
631 1820 787 1869 solitum.
839 1823 959 1860 Etiam
981 1822 1083 1860 hunc
1101 1823 1228 1861 locum
1247 1822 1524 1860 emendandum
1533 1819 1599 1855 Fa·

177 1871 243 1908 ber
274 1867 437 1910 censuit,
479 1880 518 1905 et
548 1882 615 1916 pro
640 1872 763 1912 atrata.-
790 1871 994 1919 legendum
1023 1875 1154 1915 αὐτ-ῆν,
1198 1870 1294 1919 quasi
1322 1869 1599 1918 intelligeretur

176 1923 335 1960 ἐπίδοσις.
382 1916 485 1954 Fabri
507 1917 604 1953 hanc
623 1919 925 1956 emendationem
946 1921 1080 1967 probat
1100 1921 1226 1959 editor
1237 1918 1474 1957 Oxonienfis.
1525 1914 1599 1955 Mi-

173 1967 212 2005 hi
236 1968 345 2014 plane
369 1967 609 2015 improbatur.
669 1965 800 2003 Verlio
824 1967 1017 2017 Bergleri,
1051 1981 1116 2007 cur
1137 1969 1181 2008 fit
1201 1968 1466 2017 improbanda,
1500 1967 1600 2007 clare

179 2016 354 2054 ostendit.

126 2080 164 2114 4.
185 2071 296 2108 κοινὴν
317 2063 401 2102 εἶναί
417 2080 473 2109 μοι
492 2071 575 2112 πρὸς
595 2063 681 2110 ducit
700 2069 761 2108 τὴν
779 2069 832 2104 ἐπὶ
851 2069 921 2110 τοῖς
940 2069 1193 2114 καταλαβοῦσιν
1209 2071 1378 2114 ἀλγηδόνα
1395 2067 1506 2108 etc-1,
1520 2076 1538 2112 5
1541 2090 1552 2109 o
1566 2074 1585 2110 5
1588 2092 1606 2108 ·.

177 2117 397 2153 Communem
415 2113 476 2163 effe
494 2115 581 2151 mihi
601 2116 778 2151 vobiscum
797 2116 896 2152 huius
913 2129 1104 2153 moerorem
1122 2119 1346 2155 calamitatis
1365 2128 1436 2154 etc.
1490 2117 1599 2163 Berg-

174 2165 241 2202 ler.
276 2165 492 2201 Communem
510 2163 572 2212 ‘ff'
597 2164 685 2200 mihi
711 2165 885 2201 vobiscum
904 2165 1010 2214 fitper
1035 2165 1277 2215 praesentibus
1303 2167 1409 2203 malis
1435 2166 1599 2202 dotorem.

170 2214 244 2251 Fac
273 2212 435 2250 tironem
466 2217 647 2255 aestuare,
688 2225 772 2250 non
794 2214 1095 2265 intelligentem,
1131 2215 1223 2264 quid
1253 2214 1320 2254 sibi
1345 2215 1466 2253 velint
1484 2213 1597 2252 verba

176 2267 231 2301 ἐκ)
255 2267 327 2304 τοῖς
347 2266 623 2307 κυκλαβοῦσικ
660 2262 795 2299 aestum
823 2265 924 2300 hunc
942 2277 1022 2301 non
1048 2265 1252 2311 explicabit
1269 2263 1385 2301 versio
1407 2262 1594 2301 Pontiani.

175 2317 455 2358 Καταλαμβάνειν
472 2313 532 2348 hic
551 2313 600 2348 est
621 2307 789 2358 ἔρχεσθαί
809 2313 869 2349 vel
889 2316 1160 2360 παρκγίνεσέὶοᾳ.
1207 2315 1268 2351 Sic
1279 2313 1484 2351 Herodian.
1497 2315 1525 2351 Ι,
1541 2324 1597 2354 12,

181 2365 239 2398 16.
266 2363 294 2403 1,
311 2373 365 2407 ις,
390 2373 419 2405 5.
470 2363 565 2410 Ergo
588 2359 608 2402 si
626 2365 679 2398 ἐπὶ
701 2365 772 2403 τοῖς
791 2366 1045 2409 καταλαβοῦσιν
1064 2362 1220 2409 ἀλγηδὼν
1241 2364 1290 2400 est
1308 2376 1457 2400 moeror
1476 2375 1519 2398 ex
1536 2375 1597 2405 eo,

129 2458 131 2460 Ι
179 2410 283 2457 quod
303 2411 458 2452 accidit,
486 2423 638 2448 moeror
655 2423 698 2447 ex
717 2411 970 2458 praesentibus
992 2413 1117 2455 malis,
1145 2423 1189 2448 ut
1208 2413 1303 2450 refle
1319 2413 1522 2461 Berglerus.

132 2473 165 2508 ς.
191 2459 253 2501 Ὠς
272 2463 325 2497 ἐπὶ
343 2457 430 2498 πολι)
448 2466 598 2505 κειμένων
614 2467 678 2497 τῶν
695 2465 883 2505 πτωμάτων
896 2489 906 2505 ,
944 2462 983 2497 δι’
1004 2465 1087 2499 αὐτὸ
1105 2463 1220 2506 τοῦτο,
1246 2468 1298 2502 ἐκ)
1319 2470 1448 2507 σχολῆς
1465 2467 1596 2502 πάντας

177 2512 388 2555 ἑςιῦμῆσως,
431 2509 483 2552 »αὶ
509 2513 608 2554 μηδὲν
635 2513 712 2546 ἰδεῖν
738 2517 896 2556 περιττὸν
921 2515 1068 2548 ἀκόντιον
1089 2513 1117 2553 I,
1142 2523 1192 2557 ¹5,
1220 2523 1276 2559 13.
1340 2510 1515 2547 Politian.
1540 2511 1597 2547 ita

175 2557 238 2608 suo
267 2559 390 2607 ordine
416 2558 610 2594 iacentibus
639 2559 862 2605 corporibus,
896 2570 935 2596 ut
955 2561 1140 2598 numerari
1154 2561 1334 2608 facillime
1349 2561 1496 2609 singula
1522 2560 1602 2610 pos-

169 2607 273 2657 sent.
304 2608 395 2643 nullo
406 2607 542 2656 scilicet
556 2606 773 2658 supervacuo
792 2609 967 2646 incidente
987 2610 1065 2646 telo.
1116 2611 1277 2659 Bergler.
1304 2611 1360 2647 ita
1377 2620 1437 2654 ut,
1461 2611 1523 2646 dia
1544 2610 1600 2646 ia·

177 2656 337 2695 centibus
356 2657 592 2697 cadaveribus
608 2668 645 2696 eo
653 2656 750 2709 fine,
777 2665 842 2709 per
851 2660 968 2701 osium
986 2670 1100 2700 omnes
1117 2672 1159 2701 ea
1177 2669 1431 2706 numerarent,
1467 2671 1529 2699 nec
1547 2660 1600 2698 ul·
