1783 3133
152 130 257 180 338
297 125 475 171 LIBER
493 122 532 169 1.
577 123 701 168 CAP.
724 123 797 168 1x.
830 124 883 168 A.
906 121 962 166 v.
984 123 1033 167 c.
1061 133 1124 179 93
1141 134 1183 176 3.
1217 124 1354 169 CHR.
1376 126 1441 170 N.
1469 129 1587 174 180·

150 240 424 305 Καπετωλίῳ
445 251 479 300 0,
503 235 733 303 θεάματαῖ
751 255 798 284 τε
820 265 888 274 ---
923 240 1030 298 lino,
1063 258 1110 289 ac
1131 237 1370 307 spefilacula
1389 237 1664 291 reimulicae

132 397 153 401 r
251 357 289 399 o)
315 357 378 388 Ms.
408 358 457 389 sss.
485 359 666 388 καπετωλίω·
693 358 782 393 Suara.
828 354 1006 386 Caeterum
1030 355 1096 388 Ms.
1124 354 1221 386 leffio
1252 365 1322 387 non
1354 355 1518 399 discrepat
1543 366 1562 387 a
1585 354 1663 396 Stp.

151 404 263 437 Mart.
290 413 348 433 uec
360 401 440 433 Mss.
454 402 512 432 rel.
528 423 539 438 ,
564 400 617 431 sed
639 400 671 430 in
682 400 757 430 edd.
783 406 861 431 xum.
880 399 992 440 grandi
1011 401 1182 431 elemento
1202 401 1347 432 habuere
1365 402 1398 432 B.
1419 409 1451 433 ι.
1468 402 1503 435 R.
1523 402 1591 436 ah,
1623 409 1661 432 et

154 446 227 488 p‹.st
248 455 280 479 κ.
303 449 459 489 ρυῃεὶιιτη
477 450 543 482 A.‚
576 445 610 475 in
638 442 763 486 quibus
791 443 864 486 post
885 457 920 476 τε
937 454 1068 476 comma
1086 445 1152 477 fine
1170 444 1310 484 lacuna,
1347 455 1434 488 quae
1454 456 1515 478 nec
1533 454 1602 477 erat
1624 446 1664 476 'm

153 494 177 525 B
215 494 280 530 al,
309 492 397 524 v.N.

154 587 276 625 Aeon.
299 597 333 630 p.
347 595 406 628 42.
427 595 476 617 m.
498 593 554 626 97.
575 595 609 617 e.
640 593 779 618 πομπῇ.
809 585 868 618 66.
883 580 908 617 ἰ.
941 593 1079 627 105.m.
1095 606 1106 622 ,
1142 594 1199 630 ap.
1224 594 1335 630 quem
1356 581 1455 619 etin
1474 595 1513 618 re
1535 582 1666 620 eadem

154 626 249 678 ἅῷειν
272 646 307 679 p.
328 644 406 675 ¹29·
425 645 457 667 e.
487 630 528 666 it.
547 635 716 668 συντελεῖν
734 643 767 677 p.
786 643 862 676 141.
876 655 886 672 ‚
913 631 1093 668 reddente
1102 633 1163 680 Bg.
1184 631 1288 668 subst.
1303 637 1362 676 ἀγ.
1382 643 1446 679 per
1465 643 1666 669 numerum

153 686 264 718 alium
288 696 308 716 e
333 683 390 720 Ρ..
420 678 481 716 ubi
505 681 586 727 Stp.
605 679 677 714 Th.
700 680 849 716 aliunde
867 693 902 726 4,
917 684 1001 716 266.
1023 682 1065 716 C.
1085 681 1109 716 i.
1134 685 1196 722 ,,ἂ.
1216 692 1403 717 certamen
1419 703 1430 721 ,
1463 679 1667 728 ludisolen-

152 745 238 772 res,
276 729 298 764 s.
319 729 431 775 simpl.
459 729 553 770 ludi,
589 730 741 776 (quibus
771 729 939 775 repetitis
968 741 1000 770 ι,
1022 740 1078 773 97.
1099 730 1136 764 F.
1156 729 1182 764 i.
1210 730 1314 765 addit
1343 742 1378 776 p.
1398 732 1446 774 e.)
1474 729 1666 766 interdum

155 792 279 816 aurem
302 791 366 823 per
385 783 518 822 ἀγῶνας
543 777 808 825 intelliguntur
828 777 1061 823 peculiariter
1083 783 1210 821 ἀγῶνες
1231 778 1488 825 cognominati
1509 784 1614 823 ἱεροὶ,
1639 779 1668 816 i.

154 830 353 864 certamina
365 827 497 874 J‘aecra,
520 838 613 873 quae
632 837 789 871 quatuor
809 837 935 866 erant,
963 827 1148 866 Nemaea,
1177 826 1321 875 Pythia,
1344 826 1503 867 Isthmia,
1530 827 1667 875 Olym-

155 878 256 925 pia.“
305 874 423 923 Atqui
451 876 484 910 h.
506 875 531 910 l.
553 888 609 922 ap.
630 874 749 911 Nostr.
763 873 921 910 Romani
943 874 1022 911 ludi
1041 874 1566 923 hocepithetoinsigniuntur,
1586 888 1667 925 quo

155 928 203 961 de
225 927 271 962 G.
292 926 367 961 Th.
387 923 482 959 nihil
504 923 543 959 in
565 937 599 958 v.
610 924 715 972 sacer
740 936 779 960 et
807 925 930 963 ludus,
964 935 1000 960 at
1021 936 1055 958 v.
1075 934 1252 959 certamen
1278 930 1362 963 860,
1384 927 1417 958 6.
1477 924 1666 966 „Instituit

148 975 274 1025 sacros
293 971 428 1010 celebri
447 973 640 1009 certamine
661 972 769 1008 ludos
781 998 793 1014 ,
818 973 948 1020 Pythia
965 992 1002 1000 -·
1018 972 1122 1020 sacri
1137 971 1350 1008 certaminis
1368 979 1539 1020 perpetua
1556 983 1668 1009 mate-

156 1026 239 1066 ria,
265 1022 401 1069 Qint.
422 1041 463 1047 —-
484 1024 529 1058 de
552 1021 648 1058 ludis
667 1020 905 1068 Capitolinis,
956 1022 1104 1068 Nempe
1115 1021 1258 1069 sucrum
1277 1032 1464 1058 certamen
1493 1032 1531 1058 et
1552 1021 1666 1070 sacra

155 1072 378 1112 certamina,
406 1072 473 1108 Gr.
495 1070 639 1106 ratione
658 1069 772 1112 dixit,
807 1084 863 1119 ap.
884 1083 978 1118 quos
1000 1076 1081 1116 ἱεροὶ
1099 1075 1248 1116 ἀγῶνες,
1282 1070 1308 1106 i.
1335 1069 1432 1106 sacra
1450 1071 1664 1114 certamina,

157 1132 265 1159 erant
285 1133 461 1168 quatuor,
488 1121 577 1156 rel.“
604 1118 702 1168 quasi
722 1133 743 1155 e
761 1121 864 1167 Stp.,
891 1131 1054 1167 quocum
1077 1130 1157 1156 tum
1179 1120 1266 1161 Εἰς..
1309 1130 1389 1156 tum
1405 1119 1528 1157 Leisn.
1557 1119 1601 1155 ad
1621 1121 1663 1157 1..

155 1170 237 1208 Bos.
260 1169 417 1217 Antiqu.
440 1170 506 1205 Gr.
527 1181 561 1216 p.
576 1178 633 1212 93.
655 1181 701 1208 m,
724 1173 758 1207 a)
780 1178 879 1204 tacet
899 1167 1219 1205 denominationis
1239 1167 1349 1205 huius
1368 1167 1532 1210 causam,
1568 1181 1664 1217 quae

155 1220 249 1258 mihi
271 1219 417 1255 videtur
436 1218 547 1260 haec,
568 1217 653 1265 quia
674 1218 896 1267 putabantur
920 1217 1106 1265 pertinere
1127 1219 1170 1253 ad
1191 1226 1334 1265 partem
1353 1217 1558 1259 sacrorum,
1580 1218 1664 1253 reli-

159 1269 283 1318 gionis
303 1280 345 1302 ac
364 1268 486 1303 cultus
506 1266 648 1303 divini.
675 1278 713 1303 et
735 1266 819 1314 quia
837 1266 986 1303 numini
1006 1267 1172 1308 cuidam,
1199 1266 1309 1312 quale
1327 1279 1415 1304 mox
1435 1266 1496 1302 hic
1515 1266 1664 1303 subiici-

156 1331 238 1359 tur,
273 1316 580 1357 instituebantur,
607 1315 715 1362 eique
732 1327 837 1352 erant
855 1316 972 1356 sacra,
1000 1315 1023 1352 i.
1039 1315 1173 1351 sacrata
1196 1324 1234 1350 et
1256 1314 1438 1351 destinata>
1453 1314 1662 1362 praecipue,

154 1367 196 1404 in
215 1367 371 1412 eiusque
391 1364 628 1404 memoriam,
665 1366 844 1400 honorem
863 1376 904 1400 ac
921 1363 1063 1401 laudem
1085 1362 1247 1406 fiebant,
1284 1364 1396 1400 etiam
1416 1362 1540 1403 forte,
1574 1363 1661 1411 quia

154 1415 340 1461 auspicato
363 1426 403 1449 ac
423 1413 556 1449 ritibus
576 1413 679 1449 sacris
699 1413 917 1449 adhibendis
936 1411 1095 1454 fiebant,
1122 1413 1170 1452 cf.
1190 1414 1276 1449 Ern.
1298 1413 1343 1449 ad
1365 1414 1478 1449 Hom.
1498 1414 1614 1454 ὀδ.ά,
1629 1425 1663 1451 2.

154 1465 233 1501 Cas.
252 1464 297 1499 ad
315 1463 453 1499 Athen.
477 1475 509 1503 2,
531 1465 562 1497 6.
589 1462 689 1498 Suid.
711 1475 745 1503 2,
767 1474 905 1498 πομπῇ.
932 1465 1014 1509 Stp.
1035 1462 1109 1498 Th.
1135 1476 1165 1503 1,
1190 1466 1294 1507 1643.
1316 1462 1354 1498 E..
1375 1475 1406 1499 e.
1427 1461 1661 1499 it.G.Th.v;

149 1513 276 1562 sacer,
307 1513 407 1559 quod
426 1524 508 1547 cum
528 1510 592 1546 Gr.
615 1522 810 1558 propterea
826 1510 1015 1548 interdum
1036 1511 1171 1547 diserte
1191 1510 1347 1558 ponitur
1368 1523 1453 1547 cum
1474 1513 1546 1548 dat.
1568 1511 1660 1558 pers.

156 1575 198 1599 ac
218 1562 404 1602 numinis,
432 1559 626 1608 quomodo
651 1570 774 1596 tamen
799 1559 857 1595 hic
878 1572 957 1595 non
975 1561 1153 1599 rexerim,
1182 1558 1279 1608 quasi
1298 1564 1381 1605 ἕῳ,
1406 1561 1450 1596 ad
1474 1560 1663 1608 Atlperti-

155 1624 264 1654 nens,
293 1623 311 1646 a
330 1610 464 1647 Nostro
485 1609 719 1646 dimoveatur
738 1608 871 1645 ordine
890 1608 1052 1656 locoque
1071 1607 1135 1644 suo
1155 1620 1306 1656 propter
1323 1608 1550 1650 laevitatem,
1566 1620 1663 1657 quae

153 1659 309 1707 quidem
326 1670 477 1706 apparet
497 1658 578 1693 hic:
606 1657 732 1704 potius
753 1658 927 1695 traxerim
948 1657 1022 1693 dat.
1042 1657 1098 1694 All
1111 1658 1153 1693 ad
1175 1670 1208 1692 v.
1225 1668 1299 1694 τελ.
1313 1683 1324 1700 ,
1360 1657 1407 1693 de
1428 1657 1574 1694 solenni
1606 1671 1663 1693 ra-

155 1709 284 1750 tione,
314 1720 358 1744 ut
377 1707 419 1743 lit
440 1707 515 1743 dat.
539 1706 602 1742 ille
623 1705 800 1747 honoris,
829 1717 868 1742 et
886 1707 967 1742 Lat.
987 1705 1026 1742 in
1046 1706 1229 1741 honorem
1247 1705 1359 1746 lovis,
1380 1718 1458 1741 non
1479 1718 1660 1755 repugna·-

153 1769 282 1797 turus,
313 1755 337 1792 fi
359 1757 439 1804 quis
456 1762 516 1801 ἱερ.
537 1755 655 1791 sumat
674 1767 739 1801 pro
760 1756 1010 1796 venerandus,
1043 1755 1230 1802 augustus,
1264 1755 1397 1801 plenus
1416 1753 1597 1802 dignitate
1616 1767 1659 1791 ac

150 1807 348 1847 maiestate,
372 1817 534 1852 magnus,
559 1816 642 1840 cum
659 1815 786 1851 magna
803 1803 1024 1845 reverentia,
1053 1816 1202 1851 pompa,
1224 1803 1658 1851 solennitatesusceptus.

151 1854 199 1890 cf.
219 1857 300 1900 Str»,
324 1854 348 1889 l.
371 1855 393 1889 l.
413 1857 456 1891 C.
479 1852 503 1891 i.
522 1854 562 1890 L.
581 1854 667 1888 Ern.
684 1865 722 1888 et
741 1856 802 1899 Bg.
823 1865 880 1899 ap.
900 1853 946 1888 G.
969 1853 1040 1887 Th.
1061 1865 1142 1889 curn
1154 1854 1218 1889 Gr.
1239 1865 1276 1889 n.
1302 1852 1408 1894 „fere
1428 1852 1449 1888 i.
1464 1864 1500 1900 q.
1520 1854 1660 1901 magni·

149 1903 268 1941 ficus‘·
296 1903 384 1940 Hes.
405 1916 438 1943 2,
463 1907 518 1938 26.
539 1902 561 1937 i.
583 1913 622 1937 et
640 1902 706 1938 Nr.
723 1905 777 1938 16.
802 1915 837 1949 p.
850 1902 900 1949 sq.
921 1902 987 1937 Nr.
1003 1910 1035 1946 3.
1050 1914 1084 1945 7.
1109 1902 1212 1939 Suid.
1228 1914 1261 1944 2,
1279 1913 1336 1948 99.
1349 1899 1372 1938 i.
1395 1912 1475 1937 102.
1491 1915 1564 1943 m.,
1588 1914 1660 1938 nec

153 1954 202 1989 de
226 1956 282 2000 ssg.
313 1951 407 1988 certi
435 1952 524 1999 quid
552 1950 734 1991 statuens,
773 1963 895 1987 utrum
922 1961 1005 1986 cum
1029 1951 1066 1986 P.
1095 1949 1301 1999 neglexerit
1327 1949 1399 1986 adi.
1422 1958 1507 1996 ἱερ..
1541 1963 1659 1988 unum

150 2001 258 2039 subst.
279 2006 338 2046 ἃγ.
359 2014 442 2037 cum
457 2003 537 2047 Stp.
558 2001 662 2046 supra
682 1999 873 2035 reddendo
886 2011 952 2045 per
970 1999 1040 2035 adi.
1060 2009 1100 2036 et
1116 2000 1218 2037 subst.
1231 2025 1242 2041 ,
1269 2012 1315 2035 an
1334 2000 1491 2036 verterit
1509 2000 1579 2037 adi.
1592 2003 1656 2038 Gr.

149 2052 218 2089 suo
238 2053 336 2092 Lat.;
370 2050 617 2090 mansumme
638 2049 674 2085 in
696 2051 821 2084 severo
840 2050 918 2084 Lat.
940 2051 984 2084 ad
1006 2054 1086 2094 5550„
1123 2049 1171 2085 cf.
1191 2049 1238 2086 G.
1259 2049 1333 2085 Tb.
1362 2047 1409 2083 de
1428 2048 1586 2086 formula
1605 2052 1659 2086 lu-

148 2102 211 2136 dos
231 2098 410 2143 —facere
431 2099 469 2135 in
487 2110 523 2134 v.
543 2109 616 2135 utr.
630 2122 641 2139 ,
673 2098 733 2133 sed
754 2110 833 2133 non
856 2097 991 2133 diserte
1011 2111 1076 2143 pro
1097 2097 1290 2134 instituere
1311 2107 1374 2134 aut
1391 2097 1586 2134 celebrare.

201 2150 256 2186 A&
272 2150 378 2194 var.)
405 2150 485 2195 Srp.
505 2147 575 2183 Th.
596 2161 632 2192 4,
656 2156 760 2193 1133.
785 2148 834 2182 G.
857 2145 881 2181 ι’.
908 2143 1145 2188 „Rama-aimei,-
1169 2145 1269 2188 Zezic,
1306 2145 1542 2191 Capitolinus
1562 2149 1657 2196 Iupi-

150 2207 229 2239 ter,
254 2210 312 2245 ap.
334 2198 432 2235 Paus.
445 2222 455 2238 ,
475 2209 494 2232 a
514 2198 621 2233 Rom.
641 2195 819 2231 videlicet
837 2195 1049 2242 Capitolio,
1083 2196 1184 2243 quod
1203 2194 1333 2232 itidem
1352 2193 1567 2233 Καπετώλιον
1586 2209 1656 2232 no·

150 2247 293 2283 minare
311 2245 433 2283 solent
452 2247 515 2281 Gr.
531 2270 541 2286 ‚
567 2245 688 2281 littera
709 2263 719 2281 ι
736 2243 835 2280 versa
855 2244 890 2279 in
903 2249 945 2280 εί·
974 2244 1022 2279 ct'.
1046 2255 1079 2287 7.
1103 2256 1159 2285 ιο,
1181 2256 1211 2288 ς.
1235 2256 1273 2280 et
1296 2256 1374 2280 rem
1395 2243 1554 2281 nostram
1567 2258 1656 2282 ean·

146 2295 231 2331 dem
255 2305 289 2336 8,
309 2304 342 2335 8.
367 2307 397 2339 ς.
423 2295 530 2331 aliter
557 2294 774 2336 expressam,
811 2298 1064 2337 ἐπιτελουμένου
1081 2298 1209 2337 ἇγῶνος
1240 2295 1301 2330 τοῦ
1329 2300 1395 2330 τῶν
1418 2300 1654 2337 Kanai-ematur,

145 2345 207 2380 ubi
230 2345 289 2379 Sh.
309 2346 387 2381 lnd.
406 2344 527 2380 reddit
546 2344 684 2385 „lucios
705 2341 966 2391 Capitolinos“
993 2354 1032 2377 et
1059 2349 1091 2379 οἱ
1110 2339 1320 2379 Καπετώλιοι
1340 2341 1516 2378 videntur
1537 2341 1653 2380 intel-

145 2391 210 2441 ligi
233 2394 429 2434 homines,
466 2392 505 2429 in
525 2392 715 2437 Capitolio
736 2392 970 2431 habitantes,
1007 2391 1231 2427 nominatim
1256 2389 1474 2440 collegium,
1513 2391 1558 2428 ad
1585 2404 1652 2428 eos

142 2442 253 2478 ludos
272 2442 510 2478 celebrandos
536 2442 765 2482 institutum,
799 2441 847 2476 cf.
865 2439 945 2476 Liv.
966 2451 997 2482 5,
1021 2450 1077 2484 50.
1099 2451 1140 2476 ct
1163 2452 1219 2483 5²·
1241 2453 1310 2480 m..
1339 2450 1383 2476 ut
1402 2452 1458 2488 ap.
1471 2440 1594 2477 Nostr.
1614 2441 1649 2488 §.

143 2490 194 2537 sq.
215 2490 347 2527 diserte
369 2491 479 2527 etiam
503 2496 601 2537 ἱερεῖς
621 2493 875 2537 producuntur
890 2513 900 2530 ‚
934 2488 994 2524 sed
1017 2489 1060 2523 ad
1082 2491 1181 2526 Suet.
1201 2491 1315 2526 Dom.
1336 2501 1410 2533 c.4.
1431 2488 1594 2526 instituit
1614 2499 1650 2526 et

143 2539 423 2587 quinquennale
451 2550 648 2582 certamen,
692 2539 905 2586 Capitolino
932 2537 1014 2573 Iovi
1042 2538 1200 2585 triplex,
1238 2538 1418 2585 musicum,
1464 2537 1649 2586 equestre,

132 2589 336 2636 gymnicum
367 2590 558 2625 ed-Burm.
581 2591 626 2624 T.
650 2601 684 2624 2.
714 2601 752 2635 p.
768 2597 850 2633 302.
871 2600 901 2623 a.
920 2586 943 2622 i.
966 2587 1011 2622 N.
1032 2589 1100 2623 los.
1119 2588 1211 2624 Scal.
1247 2587 1495 2635 „capitolinus
1513 2598 1605 2634 agon
1631 2601 1649 2624 a

141 2638 208 2673 Gr.
229 2637 347 2684 paffim
368 2649 530 2674 vocaturv
545 2635 738 2675 [ξαπιτιέλια
757 2648 793 2673 et
813 2631 1039 2674 Ι(αττετᾶλια“
1072 2646 1113 2672 ut
1135 2648 1194 2683 ap.
1219 2636 1319 2673 Cors.
1339 2637 1364 2672 l.
1385 2636 1410 2671 l.
1433 2647 1468 2682 p.
1492 2638 1575 2671 106.
1597 2649 1649 2673 m.

138 2697 176 2722 et
195 2700 226 2722 e.
253 2686 374 2732 reperi
395 2685 627 2730 Kaoreffff'moe,
664 2700 728 2733 per
749 2687 958 2734 duplicem,
1007 2683 1069 2721 sed
1099 2698 1130 2731 p.
1155 2691 1234 2732 136.
1255 2699 1288 2722 e.
1316 2685 1359 2722 in
1386 2683 1556 2730 lm'cripr.
1584 2684 1647 2723 τὼ

135 2740 251 2778 ἇγῶυκ
271 2743 336 2771 τῶν
354 2741 508 2779 pce-rasim
533 2742 786 2778 Καπιτωλείων,
825 2736 901 2773 fere
922 2745 966 2772 ut
982 2745 1038 2781 ap.
1059 2735 1095 2772 Ν
1101 2734 1182 2772 ossr.
1201 2734 1227 2772 l.
1246 2735 1294 2777 l..
1329 2747 1351 2772 e
1370 2745 1444 2781 quo
1470 2733 1645 2782 epitheto
