1772 3158
109 157 341 210 ,UBERL
385 120 649 203 estvm.
689 154 900 199 A.v.c.
926 162 1049 209 9³3.
1090 151 1446 199 CHR.N.180.
1489 161 1589 207 325

76 281 261 332 έχονταζ
290 269 324 332 s,
369 267 423 319 ὦν
463 263 684 338 ἀςπιίζων
733 263 819 322 τοὶς
853 282 933 320 tes.
1027 275 1236 328 Quorum
1287 272 1462 335 rapiens
1510 269 1592 317 bo-

76 347 254 406 οὐσίοις,
311 345 433 415 ῥᾷςα
471 341 815 397 πλουσιώτατος
852 365 910 394 na
930 385 942 405 ,
1018 347 1141 395 facile
1196 344 1418 394 ditiffimus
1465 344 1594 392 evafit

23 477 25 479 .
76 421 244 488 ι’γένετο
256 423 337 470 τῶν
350 416 818 489 καθἀὑτόνῑοίνθςώ-
853 423 950 471 suae
971 425 1120 471 aetatis
1138 422 1390 469 hominum.
1459 418 1592 468 Faaa

165 554 200 595 f)
227 557 291 589 Pro
312 554 390 586 eolo
407 554 479 597 Stp.
499 562 533 586 et
550 553 612 586 rel.
626 573 638 591 ‚
672 552 712 584 it.
731 553 854 594 punsto
877 554 919 585 A.
939 563 975 585 et
992 554 1037 584 al.
1066 562 1142 583 cum
1160 552 1225 584 Ms.
1250 552 1330 593 Bg..
1370 557 1441 582 erat
1459 556 1590 583 comma

75 601 109 633 ἰ·
126 599 182 634 Ba.
199 600 400 643 quibusdam
421 608 455 632 et
476 601 527 632 Bc.
542 609 598 636 2.‚
621 599 666 631 cf.
688 603 718 638 ς.
742 606 796 643 13.
866 603 893 639 t)
918 599 1063 631 illis-Ba.
1079 596 1148 630 κη’
1166 599 1236 630 αὐτ.
1262 607 1295 629 ν.
1314 596 1361 630 N.

73 726 150 750 aor.
175 726 243 761 pro
261 709 367 760 impf.
389 712 488 749 redit
506 725 564 749 res
583 711 678 750 infra
696 737 708 754 ,
732 723 841 760 quam
863 723 944 748 non
966 709 1141 748 firmatim
1161 723 1182 747 e
1200 710 1261 751 P.,
1289 706 1588 763 libere-redden-

71 773 133 806 te,
159 775 244 798 cum
259 763 346 798 Mss.
369 762 434 798 rel.
455 774 495 800 et
512 762 599 800 edd.
621 761 764 808 priores
783 773 950 800 taceant.
980 761 1042 798 sed
1063 760 1177 809 magis
1189 759 1332 796 credam
1353 769 1488 794 vitium
1498 768 1589 805 ope-

70 810 189 849 rarum
203 838 214 854 ,
239 823 349 860 quam
372 810 564 860 ingenium
588 810 744 848 editoris
765 811 815 847 ob
833 824 885 858 pr.
906 810 1005 847 idem
1023 821 1173 857 tempus
1195 809 1236 847 in
1258 822 1290 844 v.
1312 807 1452 853 ὖπῆςξε,
1480 804 1587 853 quod

54 858 222 909 ¹tempus
244 873 318 898 utr-
335 859 439 897 fimul
459 860 641 902 conlistit..
677 861 836 898 maxime
854 860 895 896 in
913 859 1060 897 diverfis
1081 856 1420 911 enuntiationibus.

19 929 22 958 ς
121 907 162 949 ὗν
181 909 284 957 igar.)
309 912 353 947 ln
372 912 518 959 ode.Bg.
537 924 558 946 e
576 911 614 948 P.
633 935 644 951 ,
673 922 751 946 non
765 922 848 947 cum
860 910 944 946 Sch.
970 908 1191 951 „substantia
1206 932 1216 949 ‚
1243 913 1346 953 opes“
1367 910 1468 942 torte
1480 903 1586 961 quod

18 984 21 995 ι
69 959 231 1008 primum
256 958 415 996 vicinius
447 973 527 996 non
551 961 664 1001 habet
682 960 730 995 G.
748 960 822 995 Th.
842 960 941 1005 (cum
964 960 1032 996 Gr.
1053 961 1110 1002 n.)
1143 969 1209 1005 per
1224 955 1480 994 austoritatem
1501 958 1588 991 latis

18 1009 21 1012 “
67 1009 245 1058 probam,
279 1007 343 1045 etsi
363 1010 407 1045 ab
424 1009 504 1046 aliis
528 1008 759 1049 adhibitum,
791 1007 837 1044 cf.
862 1008 954 1045 Poll.
977 1013 1012 1050 6,
1027 1011 1107 1050 196.
1126 1007 1170 1043 L.
1191 1006 1269 1042 Bos.
1291 1004 1379 1041 obs.
1400 1005 1455 1041 M.
1478 1006 1586 1050 p-62.

18 1055 21 1060 ¹
68 1068 110 1096 et
127 1059 205 1104 Stp.
224 1058 320 1101 Th„
348 1058 411 1104 qui
434 1070 536 1095 caret
553 1061 617 1106 Bg.
635 1081 647 1099 ,
675 1056 723 1092 cf.
744 1059 786 1094 L.
806 1058 855 1094 N.
867 1058 916 1093 T.
935 1057 1014 1093 lnd.
1030 1058 1139 1093 Dem.
1158 1054 1404 1095 Fisch.The.,
1429 1055 1524 1088 Xen.
1536 1053 1583 1089 Z.

70 1108 210 1145 νομεῖ
231 1107 341 1154 Cyn,
371 1108 500 1143 Schol.
516 1107 637 1144 Thue.
661 1119 696 1154 p.
712 1119 743 1142 2.
762 1119 796 1142 e.
810 1131 822 1145 ,
850 1105 949 1142 unde
966 1104 1084 1143 hausit
1101 1103 1205 1142 Suid.
1229 1114 1331 1150 3,91.
1354 1115 1385 1139 e.
1398 1126 1409 1143 2
1442 1099 1532 1162 fJIes·
1546 1113 1584 1144 2,

67 1166 153 1198 821.
169 1169 198 1192 e.
219 1159 377 1198 οὖσίκμ-
392 1158 600 1198 πλοῦτος,-·
618 1164 744 1197 κτῆσις,
777 1160 857 1201 360.
876 1168 908 1194 e.
937 1164 1067 1198 κτῆσις,
1093 1156 1255 1197 πλυῦτσς,
1273 1153 1322 1189 ib.
1334 1164 1384 1187 m.
1405 1166 1585 1194 κτηματα.

65 1211 177 1244 πίστι
186 1211 233 1242 τὰ
242 1205 464 1252 ὖπάρχοντα,
489 1217 584 1254 quae
602 1205 729 1241 eadem
741 1216 827 1241 cum
842 1210 889 1242 τὰ
909 1202 989 1242 ὄντα
1002 1230 1014 1247 ,
1041 1214 1085 1241 ut
1096 1203 1187 1240 haec
1208 1203 1280 1251 i.q.
1303 1201 1325 1245 η’
1343 1204 1460 1242 οὐσία.
1487 1211 1584 1248 quae

66 1253 209 1291 ducunt
237 1254 282 1291 ad
311 1254 447 1290 variata
469 1267 487 1290 a
507 1254 644 1292 Nostro
664 1254 697 1302 §.
715 1268 749 1300 4.
771 1255 792 1290 i.
821 1252 973 1292 πλοιίτου
999 1265 1037 1291 et
1069 1253 1119 1294 ib.
1136 1266 1169 1290 e.
1191 1252 1356 1300 ἐξετάζειν
1380 1255 1427 1288 τὰ
1454 1254 1582 1287 ἐκείνων

65 1302 250 1347 κτήματα.
278 1303 327 1339 cf.
350 1302 401 1341 ib.
420 1303 444 1340 i.
464 1315 502 1341 et
523 1301 556 1352 §.
577 1316 612 1340 2.
631 1316 664 1340 e.
686 1304 727 1340 in
747 1304 797 1340 N.
818 1305 913 1346 Ox...
943 1301 1137 1352 quomodo
1160 1303 1368 1340 Perennem
1387 1301 1428 1336 in
1447 1311 1489 1336 re
1505 1296 1584 1348 ipsa

161 1363 240 1390 ent.

63 1363 218 1451 Ρυέᾳὲέα)
243 1403 287 1440 In
307 1401 382 1439 hoe
399 1401 480 1440 adv.
498 1402 582 1449 Sch.
606 1413 719 1444 „cum
740 1402 814 1440 alio
833 1402 969 1450 superi.
993 1407 1081 1441 m..“
1105 1415 1126 1438 e
1146 1402 1211 1442 P..
1247 1411 1414 1448 quocum
1433 1395 1523 1436 facit
1543 1406 1583 1434 et

63 1451 129 1501 Bg.
147 1463 213 1502 per
234 1451 314 1499 syn.
331 1453 435 1495 Lat..
464 1452 526 1490 sed
546 1464 589 1488 ut
605 1450 774 1494 dubites,
808 1451 1026 1489 iunxeritne
1046 1451 1126 1489 adv.
1146 1464 1233 1488 cum
1251 1449 1408 1497 super1.‚
1437 1459 1583 1484 ancum

64 1512 212 1539 remoto
231 1513 266 1537 v.
288 1505 402 1547 ἔγω,
423 1500 486 1538 ubi
503 1511 647 1538 rantum
671 1500 822 1538 habebit
839 1502 1029 1550 vulgarem
1051 1500 1222 1543 sensum,
1251 1512 1318 1548 pro
1338 1497 1441 1534 facili
1464 1496 1582 1535 modo

63 1563 106 1587 ac
125 1548 284 1598 negotio
297 1575 308 1592 ,
335 1551 538 1598 debuitque
561 1549 694 1588 servari
716 1552 782 1593 Gr.
806 1550 966 1600 gradus,
997 1551 1186 1600 neglestus
1206 1549 1309 1586 forte
1328 1547 1374 1584 de
1393 1545 1582 1588 industria,

62 1611 107 1637 ut
124 1599 284 1636 liberum
303 1599 413 1641 esset,
449 1599 471 1636 ss
502 1601 588 1649 quis
619 1600 746 1637 mallet
764 1612 848 1637 cum
870 1599 1002 1647 superl.
1025 1600 1227 1647 copulare,
1266 1611 1287 1635 e
1307 1600 1386 1636 Lat.
1419 1596 1583 1637 ratione,

63 1661 132 1697 per
152 1647 294 1688 sensum
317 1648 452 1689 alium,
489 1649 537 1685 cf.
558 1651 607 1687 G.
621 1650 693 1687 Th.
717 1657 799 1695 587,
824 1660 880 1696 35.
904 1661 1076 1692 „veteres
1093 1647 1395 1694 dicebantfacile
1413 1657 1481 1694 pro
1504 1655 1578 1680 cer-

62 1708 119 1739 to,
140 1698 306 1744 —facile
326 1697 597 1736 dostiffimum“
623 1711 700 1747 quo
718 1699 762 1735 de
786 1700 880 1736 nihil
901 1699 1019 1736 in·Cl.
1033 1699 1134 1741 Cic„
1159 1699 1221 1735 sed
1241 1695 1380 1746 aliquid
1401 1709 1460 1742 ap.
1475 1697 1581 1750 Cort-

63 1747 108 1783 ad
126 1746 213 1795 Sall.
233 1747 311 1795 lug.
334 1759 503 1795 p.7oo.a.
519 1761 550 1784 e.
572 1749 698 1791 225.b.
712 1773 723 1789 ,
750 1748 811 1784 sed
826 1761 909 1795 cum
925 1749 1061 1796 superl.
1080 1748 1178 1785 aliud
1190 1746 1398 1794 exemplum
1420 1757 1476 1793 ap.
1492 1744 1578 1796 Νη·

62 1794 139 1831 fine
155 1795 313 1842 explic.,
341 1807 382 1833 ut
405 1796 518 1831 modo
539 1809 622 1832 cum
642 1796 802 1850 p9fitivo
824 1810 880 1844 ap.
904 1799 998 1832 Hor.
1016 1797 1128 1844 (Tm-s.
1148 1810 1182 1844 p.
1197 1807 1278 1842 322.
1298 1796 1409 1833 Nr.2.
1430 1808 1463 1831 e.
1477 1801 1522 1830 'et
1542 1804 1581 1840 p.

65 1857 115 1891 pr.
142 1843 248 1887 „fine
266 1844 541 1885 controverlia⁴‘
567 1845 628 1882 cui
646 1845 757 1882 addas
778 1847 860 1882 Lat.
878 1847 975 1882 haud
989 1845 1111 1887 dubie,
1135 1858 1172 1883 et
1196 1844 1297 1882 istius
1312 1845 1429 1882 Vern.
1446 1844 1581 1881 adver-

62 1893 135 1930 biis
152 1905 227 1941 gar
245 1895 342 1929 wohl
353 1903 391 1929 et
407 1894 503 1930 wohl
521 1894 756 1932 liberioribus
777 1893 936 1932 vicinius
960 1897 1025 1930 Gr.
1044 1897 1172 1936 leicht,
1207 1896 1342 1931 eodem
1361 1892 1488 1934 sensu;
1528 1903 1582 1934 ta-

61 1954 172 1979 cente
192 1943 272 1990 Stp.
294 1943 370 1978 Th.
391 1943 436 1978 de
456 1942 590 1989 superl.
611 1942 638 1990 ξ.
658 1943 696 1980 in
718 1943 783 1980 tali
804 1943 1078 1980 construstione
1105 1956 1146 1980 ac
1175 1944 1359 1985 notione,
1391 1953 1435 1980 ut
1458 1953 1499 1978 et
1531 1940 1581 1978 de

62 1990 223 2039 positivo
245 1990 383 2039 ς’ᾳὶίως,
418 1991 484 2028 nifi
505 1991 552 2028 iic
569 1992 692 2038 capias
712 1992 805 2029 illud
825 1992 907 2035 eiu-s
932 1993 989 2040 ῃῤ.
1009 1991 1143 2033 facile.
1170 1993 1194 2029 i.
1217 1991 1419 2030 admodum
1434 2016 1445 2033 ,
1462 2011 1500 2020 -
1534 2003 1582 2037 ex

60 2041 177 2081 Isaeo,
195 2061 230 2068 -
250 2042 380 2088 ἆγςδν,
404 2048 574 2079 ταλάντου
597 2042 715 2088 ῥᾳδίως
733 2039 848 2088 ἄξιον(
875 2042 978 2091 quod
998 2042 1138 2090 repetit
1161 2042 1246 2090 Vig.
1269 2054 1307 2090 p.
1328 2047 1415 2087 42⁶·
1438 2041 1509 2077 Nr.
1525 2052 1582 2087 ¹4.

58 2089 138 2128 fine
158 2091 204 2127 Ν.
219 2116 229 2131 ,
256 2091 319 2128 led
337 2090 396 2127 Rs.
416 2092 482 2126 Or.
508 2092 553 2126 V.
567 2104 599 2133 7.
630 2092 708 2127 lnd·
733 2103 768 2139 p.
783 2093 864 2134 586.
885 2104 917 2129 e.
937 2091 1062 2130 reddit
1088 2117 1111 2134 n
1122 2092 1253 2135 facite,
1279 2089 1356 2128 fine
1374 2089 1580 2128 cunetatio·

61 2151 188 2176 ne2—
213 2140 342 2179 leicbe,
380 2152 493 2177 unter
522 2142 714 2178 Bris'derw‘
751 2152 938 2188 praeterea
977 2153 1036 2177 me
1072 2140 1284 2186 reperiente
1314 2151 1463 2177 tantum
1491 2139 1580 2181 hoc.

61 2187 286 2237 comparasse
299 2187 416 2226 Fisch.
437 2189 481 2226 ad
503 2191 591 2226 Plat.
610 2190 737 2238 Symp.
759 2201 794 2236 p.
808 2200 889 2236 113.
909 2191 958 2227 N.
972 2202 1000 2226 2.
1023 2195 1065 2232 ὡς
1086 2189 1175 2238 ξᾷςα
1197 2197 1354 2234 πίνοιμεν,
1381 2203 1448 2237 pro
1468 2187 1581 2233 §aes-n,

57 2238 142 2276 Lar.
157 2237 359 2284 facillime.
386 2238 411 2276 i.
435 2238 692 2280 libentiffime.
719 2251 803 2276 cum
822 2240 1015 2287 voluptate
1034 2238 1173 2277 summa
1186 2265 1198 2282 ,
1218 2242 1310 2286 (quo
1323 2239 1368 2276 de
1382 2252 1414 2278 ν,
1429 2240 1475 2277 G.
1487 2240 1581 2281 Th..

59 2286 123 2323 sed
144 2287 239 2324 nihil
259 2299 314 2334 ap.
336 2288 432 2336 Stp.)
453 2299 492 2325 et
510 2301 566 2326 ao.
589 2289 691 2326 Suid.
712 2299 744 2334 3,
766 2299 845 2330 252.
864 2302 897 2325 e.
918 2289 1033 2337 ἑῇς-α»
1058 2288 1200 2336 ῥᾳδίως,
1227 2301 1258 2326 λ.
1281 2289 1343 2325 ubi
1371 2300 1494 2326 tamen
1517 2289 1582 2325 Vs.

49 2337 253 2385 facillime,
274 2337 385 2373 etiam
405 2337 445 2373 in
462 2338 623 2375 subiecto
644 2339 743 2380 loco,
774 2337 864 2385 ῥᾷτα
883 2332 924 2376 ὃν
943 2344 997 2377 ἐπὶ
1018 2338 1081 2382 mlv
1101 2342 1253 2384 πατρίδα
1273 2343 1475 2384 iret-krewa,
1495 2338 1582 2383 (ubi

59 2386 214 2433 legerim
234 2388 310 2426 ἰῶν,
338 2385 362 2422 s.
383 2381 438 2429 ἓν,
455 2387 587 2437 suam.)
606 2388 646 2425 it.
665 2400 721 2435 ap.
745 2387 832 2425 Hes.
850 2400 885 2430 2,
904 2399 1007 2432 1099.
1021 2388 1044 2423 i.
1070 2387 1178 2434 ξᾷςα,
1202 2387 1346 2435 ῥᾳδίως,
1370 2400 1398 2424 λ.
1430 2399 1532 2435 ¹¹03=
1554 2387 1581 2426 i.

59 2434 175 2483 ἑᾷται,
202 2438 352 2482 εὐχερῆ,
375 2433 518 2478 εὔκολα.
544 2437 591 2473 cf.
608 2450 692 2474 mox
706 2437 825 2489 ἐᾷς-ον,
846 2446 886 2473 et
897 2437 980 2474 Aen.
995 2439 1040 2473 V.
1054 2438 1091 2472 h.
1110 2449 1209 2481 2‚24.
1229 2449 1264 2484 p.
1284 2449 1361 2479 127.
1373 2451 1406 2475 e.
1427 2437 1580 2486 ῥᾷςκμ-

59 2486 170 2521 nuno
192 2485 351 2533 negotio,
386 2485 447 2521 sed
467 2488 548 2524 lnd.
569 2486 816 2528 severant,
848 2497 891 2524 ut
910 2487 1026 2528 adeo,
1063 2485 1088 2522 fi
1116 2486 1199 2534 quis
1228 2499 1312 2523 cum
1332 2486 1373 2525 P.
1401 2487 1462 2523 hic
1482 2499 1579 2536 agat.

59 2534 192 2571 debeat
211 2535 403 2583 enallagen
430 2535 562 2584 gradus
581 2535 722 2573 sumere
743 2549 782 2572 et
801 2535 935 2584 superl.
955 2549 1023 2583 pro
1044 2535 1170 2584 polit..
1205 2547 1419 2584 quanquam
1437 2537 1578 2573 nostra-

58 2594 115 2620 tes
136 2596 175 2620 et
194 2583 456 2631 superlativum
489 2583 526 2622 in
557 2585 618 2621 ista
637 2585 797 2622 formula
828 2585 965 2634 assequi
988 2585 1135 2632 p'oss'unt
1158 2597 1223 2633 per
1246 2585 1328 2622 illas
1351 2586 1578 2633 periphrases

59 2633 159 2669 istius
180 2633 335 2682 gradus,
363 2646 468 2682 ganz
485 2633 638 2692 gewiss.
670 2648 774 2684 ganz
793 2634 927 2677 ficher,
954 2647 1057 2684 ganz
1084 2635 1186 2672 ohne
1204 2635 1320 2671 Strer'r
1343 2635 1405 2671 der
1432 2635 1579 2686 reiclfie

58 2685 126 2730 gel.
141 2709 151 2725 ,
184 2682 209 2719 l'.
230 2695 295 2730 per
312 2682 405 2721 illud
427 2683 585 2722 vicinius
600 2696 677 2734 gar
697 2685 824 2724 leicbt.
861 2684 921 2720 cui
954 2683 1161 2731 proximum
1190 2683 1279 2721 illud
1309 2685 1405 2720 Hor.
1426 2686 1474 2721 T.
1502 2698 1576 2734 gar·

21 2749 25 2752 ·
62 2733 176 2772 wohl,
206 2744 288 2770 cum
310 2732 399 2769 haec
418 2732 491 2772 sint
510 2734 589 2771 Lat.
609 2733 715 2771 advv.
737 2735 842 2772 valde
860 2743 901 2770 et
914 2735 1022 2782 plane
1041 2746 1124 2771 cuin
1144 2733 1218 2771 alio
1242 2732 1423 2783 nolitivo,
1461 2734 1509 2772 cf.
1531 2736 1575 2772 ad

63 2783 275 2832 meumstp.
293 2782 369 2820 Th.
390 2797 411 2820 e
426 2785 520 2822 Xen.
540 2785 669 2833 Symp.
689 2781 765 2821 fine
787 2781 889 2821 lndd.
909 2796 944 2830 4.
970 2794 1023 2825 27.
1046 2797 1076 2819 e.
1106 2783 1146 2819 ir.
1173 2792 1205 2829 3.
1223 2794 1272 2830 ι).
1294 2797 1340 2820 m.
1359 2781 1574 2822 πιουσιοίτκ·
