1829 3173
661 165 1098 213 PRAEFATIO.
1525 183 1632 215 xxx

48 297 52 302 ’
107 299 194 330 nec
229 290 322 327 tam
359 277 554 326 formido
583 278 762 342 culpam
790 279 1141 344 properationis,
1185 276 1374 324 levitatis
1404 285 1536 341 atque
1562 278 1628 325 in-

107 352 264 405 curiae,
299 347 372 406 (ad
393 364 505 411 quae
523 363 609 392 nec
628 348 674 392 in
695 348 788 393 aliis
805 345 939 393 rebus
959 344 1123 392 fatiam
1148 363 1222 391 me
1249 363 1271 391 a
1300 355 1450 391 natura
1471 346 1624 401 sciunt,

106 420 182 482 qui
214 435 288 464 me
320 417 519 476 norunt)
543 432 672 478 quam
694 414 942 477 praesentio
964 414 1221 468 severitatis,
1253 412 1505 474 diligentiae
1527 413 1625 460 sub-

105 486 363 547 tilitatisque
395 485 554 529 nimiae
583 483 819 537 iudicium,
861 493 1010 530 totum
1040 485 1209 529 crimen
1233 482 1345 536 hoc,
1388 481 1511 545 quod
1539 482 1621 528 ho-

105 554 177 600 die
208 551 269 598 est
297 551 416 616 apud
449 550 661 615 quosdam
691 552 736 596 in
768 553 1040 598 accuratiore
1072 551 1298 614 scriptoris
1331 548 1528 596 editione
1558 560 1620 597 at-

103 638 189 685 que
217 619 507 682 expolitione,
553 617 783 666 habiturus
812 622 961 666 verius
984 636 1068 683 pro
1098 618 1248 672 laude,
1288 635 1375 664 nec
1407 620 1455 664 in
1485 621 1621 664 maxi-¹

103 693 181 736 mo
220 699 455 735 momento
493 686 585 733 illas
626 688 950 734 nonnullorum
980 705 1134 743 voces,
1182 687 1255 751 qui
1287 684 1620 732 animadverfio-

103 774 212 804 num
240 761 556 819 Notarumque
585 757 711 819 copia
738 766 784 801 et
807 756 1062 819 prolixitate
1086 765 1342 817 gravantur,
1378 771 1464 800 nec
1481 770 1616 816 repu-

102 835 198 872 tant
227 826 304 870 alia
344 824 488 870 multo
526 826 705 870 maioris
743 825 875 870 molis
916 841 1072 887 opera,
1121 840 1208 869 nec
1241 839 1373 886 quam
1411 823 1456 868 in
1493 821 1616 868 libris

100 891 374 941 aestimandis
406 908 496 937 non
527 893 585 937 ita
615 903 849 956 quaeratur
875 891 929 937 de
959 890 1267 952 magnitudine
1291 907 1342 937 ac
1363 889 1611 936 multitudi-

101 978 181 1015 ne,
230 973 281 1006 ut
312 959 365 1006 de
397 958 592 1005 bonitate
629 971 762 1021 atque
799 962 1034 1019 gravitate,
1082 957 1291 1021 idemque
1329 959 1612 1022 acquieturus

99 1032 145 1076 in
177 1029 439 1075 conscientia
474 1037 570 1072 tum
602 1023 709 1072 resti
751 1024 937 1080 confilii,
985 1039 1083 1073 tum
1118 1026 1317 1072 utilitatis
1346 1024 1613 1072 redundatu-

101 1113 174 1144 rae
203 1113 227 1141 e
256 1095 406 1141 labore
434 1093 485 1139 ad
516 1110 612 1148 eos,
648 1095 724 1158 qui
753 1092 944 1140 discendi
975 1094 1141 1141 fuerint
1169 1093 1338 1158 cupidi,
1369 1110 1454 1140 nec
1473 1093 1527 1140 ad
1547 1093 1609 1139 le-

99 1163 295 1224 gendum
326 1159 578 1208 accesserint
606 1164 814 1226 occupati
843 1164 987 1226 pravis
1019 1163 1328 1227 opinioniboe,
1375 1171 1474 1208 tum
1505 1161 1613 1208 frui-

96 1243 224 1277 turus
261 1228 341 1276 isto
374 1230 525 1277 saltem
561 1228 818 1277 testimonio
857 1230 1054 1277 iudicum
1091 1247 1186 1277 non
1217 1241 1534 1294 corruptorum
1563 1240 1613 1290 et

98 1297 386 1362 cupidorum,
437 1299 508 1361 qui
542 1297 763 1345 fateantur
799 1300 1148 1362 agnoscantque‚
1204 1316 1344 1363 opere
1379 1300 1423 1344 in
1455 1295 1609 1344 nostro

98 1369 268 1414 critices
294 1383 344 1412 ac
372 1365 648 1430 philologiae
674 1383 766 1412 non
790 1378 880 1413 tam
908 1367 1216 1422 adversarium,
1254 1383 1386 1431 quam
1408 1365 1612 1413 codicem

97 1435 341 1499 quendam,
383 1436 589 1489 inveniri,
635 1447 681 1481 et
709 1436 780 1498 qui
806 1436 1003 1491 videant,
1040 1433 1238 1482 laborem
1267 1437 1389 1482 hunc
1407 1432 1612 1480 nostrum

96 1503 387 1559 immensum,
426 1512 496 1549 tot
524 1519 768 1556 annorum,
814 1514 904 1549 tam
936 1507 1183 1564 ingratum,
1217 1501 1408 1549 sterilem
1429 1504 1611 1549 inanem

95 1589 206 1636 que,
244 1582 295 1617 ut
321 1573 391 1616 vix
419 1571 589 1617 sumtus
618 1572 662 1616 in
693 1569 829 1618 libros
858 1570 1127 1636 conquisitos
1146 1583 1192 1618 et
1221 1579 1422 1625 coenatos
1442 1569 1610 1627 reddat,

96 1651 190 1694 aut,
240 1649 292 1684 ut
321 1637 499 1702 quidam
540 1638 706 1685 solebat
731 1638 896 1694 dicere,
938 1657 995 1685 ne
1026 1642 1202 1702 copiales
1229 1639 1434 1703 quidem,
1485 1638 1610 1684 char-

96 1718 210 1762 tam,
254 1707 472 1770 liquorem
502 1716 547 1753 et
574 1709 786 1763 calamos,
822 1706 852 1754 fi
880 1725 974 1754 non
994 1707 1044 1754 sit
1065 1708 1297 1754 leniendus
1314 1709 1460 1772 aliquo
1484 1706 1609 1770 plau-

93 1775 140 1821 su
164 1786 209 1820 et
229 1774 604 1839 compensandus,
638 1792 725 1821 nec
743 1785 893 1822 tamen
913 1778 1142 1840 iniquitate
1159 1778 1443 1841 partiumque
1463 1771 1609 1833 studio

95 1844 383 1888 contaminari
412 1855 624 1905 oportere
652 1855 783 1907 atque
810 1843 1015 1909 deprimi.

228 1977 459 2021 Minorem
492 1975 736 2022 Herodiani
779 1976 1045 2033 editionem,
1094 1979 1432 2043 scholarumque
1460 1974 1607 2024 ufibus

91 2044 234 2102 magis
262 2042 667 2099 accommodatam,
719 2062 823 2091 cum
854 2047 1026 2092 Graeco
1056 2057 1178 2092 textu
1208 2064 1329 2094 novo
1367 2063 1393 2091 e
1422 2046 1492 2092 vel
1522 2047 1608 2091 Co-

95 2110 264 2158 dicibus
292 2108 448 2157 nostris
479 2112 672 2175 aliisque,
704 2114 776 2159 vel
798 2113 1196 2167 emendationibUS‚
1231 2131 1311 2177 per
1333 2117 1479 2160 Notas
1500 2128 1608 2177 pro-

85 2177 215 2235 latis,
253 2178 416 2242 parabo
448 2178 596 2242 postea
627 2179 831 2237 demum,
869 2181 947 2228 ubi
973 2193 1018 2229 et
1039 2182 1249 2236 aliorum,
1296 2183 1370 2245 qui
1395 2197 1518 2228 nunc
1538 2182 1604 2226 in-

94 2245 323 2306 telligendi
350 2245 655 2311 iudicandique
684 2248 860 2295 laudern
890 2267 940 2296 ac
960 2250 1213 2296 facultatem
1246 2249 1433 2306 habent,
1467 2248 1602 2295 colle-

95 2330 205 2375 gero
231 2312 488 2370 sententias,
531 2316 722 2363 libenter
750 2316 803 2364 ad
831 2320 1001 2365 veriora
1028 2329 1074 2364 et
1103 2317 1287 2364 meliora
1313 2317 1606 2364 obsecuturus

95 2393 227 2445 atque
256 2380 471 2434 ceffuruS,
512 2385 586 2447 qui
615 2383 785 2431 sensum
816 2385 939 2433 hunc
966 2387 1253 2449 animumque
1273 2384 1426 2433 videor
1446 2384 1516 2430 vel
1547 2400 1603 2430 eo

92 2447 339 2515 prodidisse,
351 2450 470 2514 quod
481 2465 582 2498 ante
592 2462 763 2499 textum
781 2455 860 2501 Gr.
873 2457 1012 2502 Tomi
1026 2455 1156 2501 huius
1171 2470 1262 2505 non
1276 2465 1447 2501 tantum
1463 2463 1604 2499 errata

94 2534 331 2582 operarum
360 2535 490 2582 quam
511 2518 836 2581 diligentissime
857 2533 1007 2568 notata
1029 2521 1247 2579 dederim,
1289 2520 1363 2568 sed
1388 2523 1522 2568 etiam
1551 2537 1604 2566 ex

93 2588 167 2641 iis,
205 2603 317 2649 quae
338 2587 442 2634 olim
471 2587 625 2651 scripta
654 2587 813 2645 ess'ent,
854 2590 1071 2637 nonnulla
1092 2592 1232 2651 magis
1253 2589 1485 2655 perspicue
1507 2588 1602 2654 ple-

93 2654 266 2710 niusve,
312 2665 361 2700 ut
389 2653 440 2700 ad
475 2672 510 2714 1,
535 2660 577 2712 6,
606 2673 672 2704 12.
704 2657 834 2721 super
860 2658 938 2707 καὶ
968 2654 1063 2724 yde
1096 2657 1244 2714 αὐτοὶ,
1286 2660 1392 2704 item
1425 2658 1507 2704 alia
1535 2673 1603 2702 re-

94 2719 336 2781 trastarim,
370 2734 420 2769 ut
440 2721 492 2768 ad
519 2740 556 2779 1,
582 2740 654 2783 13,
678 2741 747 2773 10.
770 2743 810 2777 e.
841 2727 968 2792 super
980 2727 1100 2776 Vers.
1119 2745 1156 2776 v.
1167 2725 1409 2787 λείπεσθαι,
1426 2743 1450 2772 e
1468 2723 1602 2773 Diod.
