1783 3133
174 101 275 145 522
316 87 486 142 LIBER
504 87 537 130 Ι.
582 87 705 131 CAP.
725 88 821 133 XII.
862 88 916 144 A.
939 84 1067 133 V.C.
1097 98 1216 144 942.
1256 88 1470 146 CHR-N.
1498 93 1614 159 ¹39·

168 203 242 256 τῆς
265 202 348 249 τῶν
364 199 504 268 {ww
522 202 728 261 συνεχοῦς
750 198 900 267 βσλῆς·
936 205 1092 269 pidum
1133 204 1293 264 affiduo
1333 202 1476 254 iaetu:
1536 226 1584 255 ac
1623 225 1667 255 e*

167 361 253 386 cum
274 347 521 385 Z.1.1.Hic
540 347 690 395 quidem
706 352 746 383 τὲ
767 346 811 381 ad
831 345 881 394 sq
906 350 941 387 δὲ
961 359 1036 384 non
1055 348 1203 385 videtur
1221 348 1371 391 referri,
1399 361 1476 385 tum
1497 349 1664 403 quiaiam

166 396 237 434 alia
257 396 292 435 δὲ
313 394 446 442 copula
466 396 676 442 praecedit,
714 406 793 431 tum
813 395 897 442 quia
918 395 1054 433 diversa
1082 397 1167 433 sunt
1187 398 1360 452 subiefta,
1398 401 1503 440 αὐτων
1518 424 1528 443 ,
1563 410 1664 445 equ}-

167 457 269 487 tum,
306 445 353 480 cf.
372 444 405 492 §.
427 449 478 479 16.
498 457 526 478 e.
540 469 550 484 ,
583 456 621 479 et
639 443 795 484 nima-01
851 445 922 480 Sed
952 445 1060 481 lectio
1091 449 1161 482 Ms
1195 446 1313 493 primo
1338 447 1499 482 violenta
1522 446 1590 485 est.
1622 447 1663 482 in

167 500 206 532 δὲ
225 494 354 533 εἰεᾶο,
379 503 422 527 ut
442 491 540 533 alibi,
568 494 668 540 quod
692 493 761 527 iam
783 492 896 538 saepe
905 506 969 539 pro
990 495 1120 542 copula
1141 501 1180 532 τὲ
1205 494 1408 536 habuimus,
1431 499 1463 541 (a
1475 498 1537 544 Bg.
1552 494 1664 530 etiam

165 544 256 580 hic
245 556 296 579 ita
316 541 567 583 convertam)
597 553 636 577 et
657 553 697 577 ut
716 542 866 578 nectens
893 544 1066 589 deinceps
1083 545 1366 580 enunciationes
1388 526 1528 590 plures,
1562 543 1610 579 cf.
1631 543 1663 590 §-

165 605 226 637 14
219 617 246 633 ,
268 603 343 637 quo
366 589 442 635 ipso
466 589 657 635 perimitur
679 590 866 638 ingenium
889 592 935 627 Rs
923 592 973 626 k
994 603 1030 628 et
1056 594 1195 628 Stroth.
1209 617 1219 633 ,
1253 594 1294 628 in
1323 593 1416 628 hanc
1442 591 1663 628 lententiam

166 653 210 678 ac
228 640 378 688 seriem,
404 639 550 684 equites
570 639 787 675 interemtos
809 639 898 680 else,
925 640 1036 687 idque
1057 653 1120 686 per
1140 642 1211 687 lapi
1204 641 1304 687 idum
1324 641 1470 687 affidum
1473 655 1495 676 n
1517 641 1664 682 iactum,

165 691 254 735 (hoc
277 699 392 723 unum
412 697 607 733 repetente
630 682 762 724 Nostro
782 689 852 735 ες.
875 693 928 724 16.
949 700 979 723 e.
993 713 1003 729 ,
1039 701 1115 728 non
1150 689 1237 725 item
1268 684 1367 726 limul
1389 696 1549 736 κεράμους
1565 713 1574 729 ,
1613 690 1662 735 ob

162 737 380 790 sequentem
403 736 448 771 de
471 737 652 781 lapidibus
671 735 791 770 noxiis
813 737 1074 778 narrationem,
1102 750 1140 773 et
1160 739 1244 785 quia
1268 739 1348 775 talis
1371 752 1465 774 noxa
1486 751 1548 773 no·
1550 751 1563 772 1
1584 749 1662 773 erat

163 799 184 827 a
204 784 361 833 tegulis,
394 783 521 832 quiete
546 785 750 825 iacentibus
780 787 829 822 ob
856 786 1021 831 corporis
1051 786 1266 832 formaeque
1298 788 1379 823 luae
1408 787 1660 827 latitudinem,

160 835 355 881 magisque
373 833 596 869 conculcatis
618 833 660 868 ab
681 845 800 879 eque,
845 845 952 887 quarn
982 835 1163 880 promotis
1193 847 1234 870 ac
1265 836 1502 881 provolutis‚)
1533 836 1594 871 {ed
1622 846 1661 871 et

160 895 281 931 equos
305 881 402 928 ipsos
425 880 627 918 exitiabiles
649 881 754 924 fuisse
774 895 879 929 equit
884 881 983 923 ibus,
1009 895 1078 925 nec
1097 883 1208 917 modo
1231 884 1328 929 cives
1347 896 1386 919 ac
1404 883 1546 931 lapides
1564 896 1584 918 e
1603 894 1661 918 te-

160 933 249 972 &is,
286 931 374 966 dum
394 931 536 977 equites
556 942 791 974 excuterent,
818 932 881 976 qui
904 932 1086 977 proinde,
1115 933 1214 967 humi
1241 932 1424 972 iacentes,
1451 931 1660 967 conculcati

160 994 247 1021 cum
266 981 418 1015 vulnere
437 989 502 1015 aut
524 991 616 1015 nece
634 979 731 1026 ipsa,
757 991 798 1015 ut
818 981 918 1025 plebs
938 978 969 1026 ᾗ.
997 993 1047 1025 ¹4·
1101 981 1275 1017 Deinde
1267 994 1306 1016 in
1327 981 1488 1017 len-“tione
1509 981 1578 1015 Ms.
1599 979 1660 1014 ab·

157 1030 291 1067 surdus
311 1028 359 1063 est
375 1029 628 1064 nominativus
651 1025 911 1073 κυλινδουμενοι,
948 1042 1017 1076 pro
1039 1042 1114 1077 quo
1134 1031 1259 1065 saitem
1279 1028 1325 1065 fic
1343 1029 1596 1066 constituenda
1617 1026 1661 1063 fit

154 1077 291 1120 leffio,
326 1090 404 1114 πολ.
434 1080 468 1114 δὲ
493 1081 608 1123 ame&
623 1103 635 1119 ‚
668 1076 735 1114 ὖπό
753 1093 792 1115 τε
810 1094 843 1114 τ
865 1095 898 1115 τ.
918 1090 948 1115 7.
969 1094 1001 1116 c.
1017 1086 1054 1125 βε
1058 1088 1116 1121 λῆς
1136 1084 1165 1116 οἱ
1185 1081 1299 1121 frmi,
1341 1091 1427 1115 κυλι.
1433 1084 1593 1121 δουμένσις
1611 1089 1642 1113 λ
1637 1099 1660 1133 ².

155 1127 271 1164 :multi
297 1136 411 1161 autem
431 1138 561 1162 eorum
580 1128 865 1174 perimebantur,
906 1140 1029 1175 prael
1009 1144 1019 1162 ι
1032 1141 1071 1162 ue
1086 1127 1249 1174 lapidum
1269 1129 1428 1163 continuo
1449 1127 1542 1162 iactu
1568 1126 1660 1173 equi„

155 1188 226 1224 per
254 1176 433 1211 devolutos
462 1174 602 1221 lapides
631 1177 848 1217 incedentes,
885 1176 1068 1222 lapsabant
1099 1187 1134 1212 et
1155 1177 1298 1213 sessores
1316 1176 1557 1216 excutiebann
1592 1174 1658 1210 ubi

156 1235 283 1262 tamen
312 1224 469 1269 primum
487 1226 712 1261 membrum,
736 1237 813 1262 7507-
822 1247 860 1252 -—
880 1228 989 1270 διεφθ.
1006 1250 1016 1266 ,
1043 1237 1226 1261 commate
1243 1225 1288 1260 sle
1308 1238 1324 1260 a
1343 1225 1420 1273 sqq.
1440 1224 1657 1277 separatum.

154 1273 204 1311 de
220 1273 408 1321 equitibus
428 1272 574 1308 brevius
595 1273 643 1308 est
659 1284 697 1309 et
719 1271 909 1309 infinitum
923 1298 933 1314 ,
973 1274 1079 1310 nullo
1099 1274 1263 1310 indicato
1287 1274 1420 1314 modo,
1456 1284 1531 1320 quo
1561 1284 1657 1318 perr-

152 1333 370 1376 merentur,
397 1333 480 1357 cum
502 1321 698 1368 diligentes
716 1321 911 1368 scriptones
929 1321 1088 1358 libenter
1111 1335 1196 1358 eum
1219 1322 1370 1358 modum
1392 1320 1582 1361 definiant,
1610 1329 1655 1354 ut

150 1370 317 1409 Noster
308 1382 379 1405 iam
397 1369 589 1415 fecerat§.
609 1383 663 1415 14.
690 1370 736 1406 de
767 1371 894 1415 plebe,
931 1384 993 1417 per
1013 1384 1048 1405 v
1071 1375 1200 1417 ἐφθεις.
1223 1384 1305 1408 cum
1326 1369 1548 1431 participiis,
1585 1379 1653 1416 pro

151 1433 271 1467 quoi
247 1418 363 1466 fimpl
380 1419 440 1454 hic
464 1431 528 1466 per
548 1419 711 1465 compol.
730 1419 844 1455 variat
862 1432 899 1456 et
916 1432 978 1465 per
998 1419 1177 1468 singulare
1198 1421 1401 1456 membrum
1421 1435 1483 1457 υπο
1501 1426 1606 1460 τῆς-ν.
1619 1427 1651 1453 Λ.

150 1485 183 1511 σ
207 1475 281 1512 βολ.
293 1493 302 1508 .
331 1468 393 1503 ubi
416 1480 538 1513 praep.
561 1480 645 1504 cum
663 1467 765 1504 subst
788 1481 850 1514 par
870 1469 919 1504 est
940 1469 1148 1515 participio.
1196 1471 1356 1509 Contra,
1393 1468 1465 1503 hoc
1486 1467 1651 1502 membro

149 1529 234 1558 cum
254 1518 326 1553 Ms.
345 1516 389 1551 ad
412 1517 487 1563 qu
509 1517 622 1553 tracto
636 1541 645 1556 ‚
682 1530 746 1564 per
766 1517 800 1556 δὲ
821 1517 999 1556 eie-uum,
1032 1531 1070 1552 ιιι
1100 1517 1227 1553 eadem
1247 1516 1515 1554 enunciatione
1536 1515 1590 1565 bis
1609 1512 1652 1548 fit

148 1565 296 1610 mentio
316 1564 501 1611 lapidum,
534 1578 570 1601 et
588 1564 662 1618 ipse
685 1562 849 1612 lapidum
871 1566 1072 1603 continuus
1091 1565 1221 1603 iarius,
1249 1577 1422 1619 tanquam
1441 1564 1546 1605 astio,
1571 1562 1651 1599 non

151 1615 251 1651 bene
274 1616 382 1650 datur
401 1627 467 1669 pio
488 1615 610 1656 causa,
647 1626 758 1661 quare
775 1615 860 1659 equi
880 1614 1050 1660 laplarint
1073 1626 1110 1649 et
1129 1615 1272 1661 equites
1295 1613 1534 1654 excusserint,
1566 1623 1652 1646 cum

147 1664 321 1707 debuerit
331 1673 493 1709 potius
471 1661 517 1697 fic
534 1662 682 1709 cogitari
702 1674 742 1697 ac
753 1662 880 1702 scribi,
907 1664 943 1699 οἵ
952 1679 989 1699 τε
1009 1663 1121 1704 ἵπποι,
1147 1669 1359 1709 βεβλημένοις
1373 1665 1653 1704 καὶκυΛινδουμέ-

147 1728 211 1752 νοις
234 1717 304 1753 τοῖς
323 1714 393 1749 arf).
411 1716 658 1754 ἐπιβαίνοντες,
680 1723 714 1746 7..
736 1723 773 1746 et
793 1712 891 1758 equi,
927 1724 992 1761 per
1010 1712 1119 1747 iaHos
1140 1724 1180 1746 ac
1196 1713 1375 1747 devolutos
1391 1709 1531 1757 lapides
1559 1710 1654 1745 ince-

145 1763 291 1800 dentes,
322 1761 388 1796 iel.
441 1761 548 1805 Qlae
568 1759 850 1810 molel‘tiaenon
870 1760 1013 1797 suntin
1035 1760 1194 1806 lec'lione
1215 1761 1313 1806 vulg.
1328 1784 1339 1801 ‚
1374 1765 1415 1797 τὲ
1435 1771 1500 1795 aut
1521 1757 1650 1794 nobis-

146 1823 232 1846 cum
251 1809 392 1845 servato
414 1808 703 1862 intellectoque,
730 1820 794 1844 aut
815 1806 853 1844 in
872 1815 914 1857 γὲ
935 1820 1096 1851 mutato,
1126 1810 1226 1857 quod
1246 1809 1330 1844 iane
1347 1808 1538 1854 praefero,
1564 1806 1649 1856 quia

145 1858 195 1901 fic
211 1871 329 1895 unum
351 1858 555 1894 membrum
577 1870 691 1905 magis
712 1868 838 1894 manet
857 1858 895 1893 in
915 1871 989 1895 πολ.
1011 1879 1048 1884 -
1067 1864 1165 1902 βολῆς
1179 1884 1190 1898 ‚
1227 1869 1296 1893 net
1325 1867 1508 1892 commate
1534 1858 1646 1901 &1549-

145 1907 338 1944 divellitur
359 1920 377 1942 a
399 1907 523 1954 seqq„
543 1916 586 1942 ut
607 1919 738 1953 opusi
717 1906 785 1943 fit
775 1919 813 1942 in
829 1909 904 1943 Lat.
923 1908 1026 1954 idque
1045 1908 1067 1944 l.
1086 1918 1119 1942 ct
1141 1909 1296 1956 quiderm
1323 1917 1534 1954 quanquam
1545 1917 1645 1941 utro

144 1969 220 2005 que
250 1955 350 2001 sensu
380 1968 434 2009 pr.
463 1968 540 1994 mv..
563 1974 601 1982 —-
630 1958 741 2000 διεψθ.
770 1954 947 1992 definitur
976 1955 1101 2006 magis.
1165 1959 1206 1991 ln
1235 1968 1312 2019 quo
1341 1955 1430 2003 quid
1468 1954 1648 2001 placuerit

140 2006 339 2053 Berglem,
365 2017 444 2040 non
463 2004 581 2039 dicam
594 2029 604 2045 ,
639 2004 705 2040 nisi
719 2030 728 2044 ,
761 2005 833 2040 hoc
850 2016 1023 2052 apparere
1036 2030 1047 2046 ,
1078 2018 1161 2040 eum
1179 2003 1244 2042 vmx
1262 2025 1300 2031 —
1318 2009 1420 2048 βολῆς
1440 2004 1646 2039 membrum

143 2055 189 2094 ad
210 2053 398 2100 inperiora
418 2053 599 2096 retulisse,
626 2053 685 2089 sed
704 2054 865 2090 eundem
885 2061 940 2098 γὲ,
971 2053 994 2089 fi
1015 2068 1078 2101 pro
1099 2055 1266 2090 acumine
1286 2052 1351 2089 suo
1372 2052 1551 2088 divinarit
1571 2045 1645 2092 hic,

143 2115 270 2139 tamen
290 2115 356 2149 per
378 2104 456 2139 Lat.
479 2098 635 2150 quidem,
664 2115 732 2149 pro
753 2102 876 2139 saltem
890 2127 900 2144 ,
927 2115 1006 2139 ιιοιι
1027 2096 1243 2149 expoeffiffe,
1271 2112 1313 2139 ut
1333 2114 1402 2137 nec
1423 2099 1521 2143 alibi,
1546 2100 1595 2136 cf.
1613 2112 1643 2142 1,

145 2153 208 2193 1‘0,
225 2164 279 2188 11.
295 2164 326 2187 e.
345 2150 397 2206 1557
411 2157 451 2189 τὲ
472 2163 505 2189 λ.
557 2150 680 2187 SedP.
705 2149 869 2198 sequitur
880 2164 1006 2198 aperte
1022 2163 1165 2188 textum
1182 2151 1280 2200 vulg.
1295 2176 1306 2193 ,
1340 2149 1407 2186 nisi
1428 2151 1530 2198 quod
1548 2161 1586 2187 et
1603 2156 1644 2192 τὲ

141 2213 206 2237 aut
222 2206 265 2244 γὲ
283 2199 485 2248 opprimit,
522 2211 562 2236 et
588 2199 727 2237 deinde
756 2200 794 2236 in
822 2202 989 2237 membro
1019 2201 1134 2237 altero
1155 2207 1183 2237 οἱ
1200 2205 1237 2238 δὲ
1254 2213 1285 2237 λ.
1303 2212 1382 2241 non
1399 2198 1516 2236 solum
1547 2196 1644 2234 ordi-

138 2263 225 2286 nem
248 2261 388 2290 mutat,
429 2248 489 2285 sed
516 2262 668 2298 quoque
696 2254 753 2291 δὲ,
789 2262 855 2295 pro
879 2255 919 2287 τὲ
938 2261 1152 2296 acceptum,
1185 2249 1300 2287 refert
1321 2249 1361 2285 in
1384 2246 1549 2295 repetito
1575 2249 1642 2283 luo

138 2299 265 2340 multi,
295 2310 367 2345 qua
387 2299 529 2346 quippe
559 2298 744 2344 anaphora
775 2298 970 2345 {criptores
988 2311 1144 2335 utuntur
1172 2312 1251 2334 non
1278 2309 1422 2342 tantum
1450 2297 1491 2333 in
1514 2296 1659 2333 3ιιίιιισ

140 2358 358 2389 commoto,
399 2347 463 2383 sed
483 2358 521 2382 et
539 2359 639 2384 extra
660 2359 743 2382 cum
762 2347 819 2383 int
806 2348 948 2384 erdum
971 2360 1035 2394 pro
1055 2345 1172 2394 fimpl.
1200 2347 1329 2395 copula
1349 2356 1406 2387 et,
1439 2357 1482 2382 ut
1505 2336 1563 2381 hic
1582 2348 1642 2382 In-

140 2407 280 2442 ter-pres
299 2394 385 2437 ille,
415 2395 480 2442 qui
501 2407 558 2438 et,
581 2407 734 2443 propter
753 2406 932 2432 mutatum
955 2396 1148 2437 ordinem,
1176 2397 1241 2442 Gr.
1263 2402 1321 2432 oi‘
1310 2412 1356 2438 ιτ.
1375 2395 1447 2431 alio
1468 2393 1641 2442 exprimit

139 2444 240 2484 casm
270 2444 371 2481 unde
387 2457 466 2481 non
490 2457 585 2492 opus
604 2443 646 2481 sit
664 2443 804 2494 fingere
823 2445 1018 2485 Ιεξὶίοιιειη
1038 2446 1115 2481 eius
1135 2421 1263 2490 aliam,
1287 2451 1406 2483 παλλοὶ
1427 2444 1500 2481 δὲ”
1481 2459 1573 2484 ann-oa
1592 2455 1623 2480 Λ.
1616 2466 1638 2485 .,

140 2472 240 2541 quali
260 2495 308 2540 ob
331 2506 385 2540 pr.
401 2499 541 2540 βωῆςι
519 2493 671 2530 similem
692 2507 822 2530 vocem
841 2494 1018 2532 exciderit
1037 2506 1149 2535 arona,
1187 2505 1404 2530 remanente
1432 2490 1505 2529 sola
1522 2509 1549 2529 οι
1570 2492 1639 2539 syl.

140 2542 220 2580 laba
233 2567 243 2584 ,
277 2534 405 2588 spiritu
431 2542 572 2579 munita
594 2542 734 2579 deinde
751 2555 770 2578 a
789 2542 960 2585 librario;
988 2543 1116 2579 unde
1106 2555 1146 2578 in
1165 2543 1300 2582 Nostro
1316 2542 1395 2590 ipio
1415 2540 1637 2577 existatana·

139 2592 256 2638 phora
273 2614 285 2632 ,
325 2590 363 2625 in
392 2590 427 2625 ie
455 2604 519 2638 per
545 2592 663 2639 legem
681 2591 841 2646 priorem
862 2605 938 2627 non
961 2592 1153 2639 culpanda.
1205 2594 1308 2629 Haec
1328 2592 1372 2628 ad
1391 2588 1509 2626 crifin.
1561 2589 1634 2626 Sed

137 2642 176 2676 in
200 2642 311 2685 διεφθ.
331 2651 414 2675 cum
442 2653 496 2687 pr.
517 2639 580 2678 ὑπὸ
601 2644 663 2689 hg.
683 2641 762 2678 tere
791 2656 808 2678 e
827 2642 866 2677 P.
887 2641 1038 2687 perimit
1057 2653 1176 2688 praep.
1187 2665 1199 2682 ,
1232 2640 1294 2678 luo
1313 2642 1392 2676 Lat.
1410 2638 1506 2675 adv.
1523 2641 1635 2684 διεφθ-

126 2690 224 2726 bene
243 2687 420 2726 letiorem
440 2701 616 2727 revocans
636 2691 678 2728 ad
699 2691 731 2739 §.
757 2703 809 2737 ¹4·
825 2703 856 2727 e.
874 2695 1006 2732 excom,
1035 2703 1103 2738 pro
1122 2703 1196 2739 quo
1217 2701 1257 2728 et
1273 2687 1354 2738 ipso
1375 2686 1436 2724 hic
1457 2686 1635 2730 variatum
