1798 3163
100 174 198 214 υς)
267 164 431 212 uara
450 165 482 209 1.
526 163 750 211 CAR-vr.-
780 164 1110 222 A.v.c.933.
1152 165 1368 225 enarr.
1395 172 1499 218 180.

94 281 297 332 Τοιαῧτεὶ
325 304 424 334 τινα.
442 280 464 316 b
495 285 552 337 εἰς
582 279 827 349 πςστςοπὴν
870 299 951 333 20.
991 285 1117 333 Talia
1136 286 1343 334 hortandi
1371 288 1514 346 causa,
1551 300 1597 339 et

183 392 217 431 b}
243 394 307 427 Ms-
327 391 379 424 Ba.
399 389 514 423 τοιαῦτ’
532 391 610 422 {ivn
626 393 666 425 εἷς
683 399 738 430 πρ.
765 399 797 420 v.
816 388 861 422 N.

82 484 219 534 states..
268 482 466 518 Caeterum
496 479 668 515 homines
695 476 894 525 aliquando
922 489 1065 525 patrum
1091 481 1293 517 memoriae
1320 480 1460 528 aliquid
1491 481 1594 524 dant,

92 533 292 578 aliquando
312 530 420 568 nihil.
471 526 644 582 Ap31a'v.
664 540 700 567 2,
723 539 774 571 52.
814 528 862 563 T.
881 527 1106 570 Menenius,
1127 527 1247 572 filius,
1280 530 1404 567 minus
1422 531 1599 578 punitur,

90 581 181 630 quia
200 580 312 629 patris
331 577 516 626 Assrippae
536 583 639 612 lavor
656 574 752 611 haud
771 576 858 612 dum
883 577 1113 619 exoleverat,
1148 591 1186 614 et
1205 594 1239 623 4,
1265 581 1401 624 41.(e.)
1425 579 1460 615 Ἱῖ
1478 579 1594 629 Qin.

90 632 199 685 {giam
217 641 331 666 omnes
350 629 468 665 tribus
487 625 703 663 absolvunt,
741 625 908 674 profuff·
927 638 1000 673 que
1019 627 1053 661 ei
1074 626 1290 666 Cincinnati
1308 617 1432 679 pbtris
1452 641 1595 664 merno-

89 691 143 716 ria
162 680 319 717 dicitur,
347 688 386 715 et
408 688 465 720 25,
487 686 543 721 3¹·
566 676 649 720 (tn.)
673 674 874 710 Marcellus
899 676 970 711 hoc
999 674 1131 712 tribuit
1153 676 1293 713 nomini
1322 690 1362 713 ac
1392 676 1596 713 memoriae

92 726 345 767 Archimedis,
373 737 416 762 ut
439 723 674 771 propinquos
697 722 776 758 eius
799 722 980 770 inquirat,
1006 734 1046 759 et
1068 725 1248 762 honorem
1273 726 1315 762 iis
1341 727 1597 772 auxiliumque*

88 777 257 824 praestet.
307 777 435 821 Qum
457 773 662 809 Alexander
681 773 731 808 Μ.
753 772 899 809 Thebas
919 773 1178 821 expugnasset,
1202 786 1241 811 et
1260 775 1296 811 in
1316 776 1479 823 reliquos
1490 776 1592 811 The-

88 828 208 864 banos
227 824 303 861 sine
321 823 533 862 discrimine
551 822 732 869 saevirettb
754 821 839 857 solis
859 820 1006 858 Pindari
1032 823 1227 869 penatibus
1247 825 1402 871 eiusque
1427 822 1592 859 familiae

86 875 187 924 parci
218 874 326 910 iuffit.
391 871 451 908 Sic
479 870 628 911 Caesar,
664 882 781 917 quum
811 869 846 906 ei
875 872 910 906 se
936 872 980 907 ad
1001 872 1180 909 nuncium
1201 872 1449 919 Pompeianae
1475 871 1592 909 cladis

85 923 335 962 Athenienses
348 920 588 962 dedidissent,
617 931 684 966 pro
704 918 805 958 solita
826 918 886 957 sua
906 919 1153 968 generositate
1171 920 1210 956 in
1237 921 1386 968 gratiam
1405 933 1469 957 eos
1490 933 1593 957 rece-2

85 973 165 1021 pit,
191 972 331 1020 quippe
355 982 575 1019 proavorum
597 968 756 1015 ipso-rum
777 969 932 1016 gloriam
952 968 1204 1017 virtutemque
1227 970 1264 1006 in
1294 981 1456 1006 mentem
1484 981 1593 1009 revo-

83 1035 186 1066 cans,
209 1022 414 1059 viventibus
434 1019 482 1054 ob
502 1028 657 1054 mortuos
669 1019 702 1055 se
720 1028 871 1067 parcere
891 1017 1132 1064 praedicabat,
1159 1018 1236 1054 Dio
1247 1019 1363 1055 XL11.·
1379 1020 1518 1054 Contra
1531 1029 1591 1064 ap.

82 1074 167 1110 Liv.
194 1082 252 1117 3¹»
272 1087 306 1116 4.
331 1074 407 1117 (ιι,
427 1082 461 1117 4,
482 1069 521 1110 i.)
546 1078 654 1114 pater
685 1069 725 1103 in
745 1066 932 1104 Annibale
957 1068 1136 1103 minimum
1161 1068 1335 1114 quidem,
1377 1067 1439 1104 sed
1464 1076 1592 1103 tamen

84 1121 240 1169 aliquod
261 1129 466 1157 momentum
490 1116 720 1162 adservarem
745 1115 1019 1152 conciliandum
1034 1116 1102 1165 ost,
1138 1127 1178 1152 et
1204 1129 1261 1162 ap.
1280 1116 1363 1154 lust,
1382 1125 1441 1161 38,
1461 1120 1497 1158 6,
1520 1117 1591 1161 (6.)

81 1169 243 1210 Romani
273 1165 590 1206 cum·Masmiffae
618 1176 738 1213 rupere
763 1166 902 1202 bellum
922 1176 1056 1212 gerunt
1082 1165 1175 1201 adeo
1204 1166 1436 1206 inexpiabile,
1477 1176 1522 1200 ut
1547 1176 1590 1202 ne

81 1221 220 1259 vistum
239 1221 374 1269 quidem
394 1215 597 1253 memoriae
616 1216 736 1261 patris
758 1216 963 1255 donarent,
991 1216 1074 1263 quin
1096 1224 1166 1250 etc.
1184 1207 1298 1252 Leisri.
1351 1217 1391 1250 C.
1412 1215 1510 1249 Ven.
1530 1219 1591 1260 ἂμ

80 1278 244 1318 χρμένων.
296 1264 465 1305 Definire
485 1264 545 1300 vix
564 1265 697 1304 audeo,
724 1275 806 1301 utra
826 1261 868 1298 sit
889 1263 1013 1300 verior
1034 1263 1155 1300 leffio.
1209 1265 1367 1305 Verum,
1394 1263 1416 1299 si
1437 1274 1588 1318 quaera-

79 1332 166 1360 tur,
193 1330 374 1366 quaenam
394 1327 437 1350 ex
461 1314 572 1350 altera
596 1325 704 1350 enata
726 1314 788 1356 sit,
817 1317 1033 1357 ἂςχομένων,
1068 1323 1202 1358 utpote
1222 1311 1344 1360 primo
1367 1311 1509 1348 intuitu
1531 1312 1586 1347 fa-

76 1369 248 1404 ciliorem
269 1366 490 1403 lestionenn
517 1361 705 1398 iuniorem
728 1363 929 1397 habendam
950 1360 1019 1398 effe
1038 1361 1181 1399 censen.
1235 1361 1393 1397 Accedit
1420 1360 1465 1400 ad
1494 1372 1587 1395 con-

76 1416 301 1454 firmandum
321 1408 493 1460 ἀρχόντων
514 1423 593 1464 tum
614 1412 716 1459 quod
739 1423 776 1448 et
796 1409 883 1446 alibi
902 1413 968 1446 hac
988 1416 1081 1446 voce
1101 1410 1147 1445 de
1166 1409 1434 1459 magistratibus
1453 1421 1491 1445 et
1504 1409 1585 1457 pri-

76 1467 230 1503 moribus
256 1466 375 1502 utitur
404 1462 559 1498 Herodi.
579 1462 602 1496 l.
623 1476 657 1506 4.
684 1474 714 1496 c.
740 1473 771 1494 2.
798 1471 879 1496 tum
909 1460 1011 1505 quod
1042 1470 1148 1496 antea
1169 1460 1400 1500 Commodus
1429 1459 1585 1501 dixerat,

76 1522 212 1563 δεδιέναι,
225 1541 236 1556 ,
259 1511 305 1560 usi
321 1529 370 1555 τις
388 1532 429 1539 -
446 1518 508 1548 τῶν
528 1515 730 1555 εὐπατριδᾶν
748 1514 926 1546 §movele-m.
954 1509 1091 1543 Stroth.

174 1568 236 1613 Eg.
259 1564 303 1599 ad
326 1564 404 1598 Lat.
419 1559 708 1607 suum-subieffi'os
730 1570 814 1594 cum
836 1557 975 1593 feciffet
996 1557 1063 1592 tria
1084 1557 1145 1592 illa
1166 1557 1344 1604 punfia‘,
1358 1583 1368 1599 ,
1396 1555 1491 1605 signa
1503 1558 1582 1594 No-

74 1626 152 1652 tae:
180 1614 246 1650 sub
265 1617 408 1650 textum
422 1611 485 1644 Vs.
505 1608 586 1643 suae
607 1608 794 1653 scripserat
807 1606 853 1641 sic
881 1608 990 1654 „lego
1012 1602 1198 1651 &ex09'vwv
1211 1619 1277 1653 pro
1296 1602 1497 1653 ἱεχὸπωνι.
1514 1618 1581 1641 vo,

72 1665 178 1706 lens,
208 1662 367 1709 opinor,
401 1658 462 1695 ista
493 1655 606 1704 figura
639 1656 831 1692 ostendere
865 1655 1049 1691 rationem
1089 1655 1315 1703 modumque
1344 1653 1515 1691 leffionis
1541 1666 1582 1691 et·

74 1709 370 1750 emendationis,
402 1720 485 1743 cum
506 1705 542 1741 in
560 1707 602 1736 σθ’
625 1705 733 1741 facile
752 1712 794 1749 με’
813 1705 991 1750 reperias;
1026 1704 1126 1739 unde
1145 1704 1267 1740 Leisn.
1284 1703 1423 1751 scripsit
1442 1704 1506 1739 sub
1519 1702 1580 1739 illa

72 1761 123 1799 ibi
147 1761 260 1809 figura
282 1757 457 1796 disertum
476 1756 688 1802 ἀρχομένων,
714 1764 757 1788 ut
773 1755 813 1789 in
834 1766 880 1789 m.
894 1755 964 1787 ΟΧ.
987 1752 1039 1792 „f.
1057 1753 1277 1798 dezane-mist
1298 1756 1406 1799 quam
1425 1752 1581 1799 quidem

71 1810 322 1848 conieauram
350 1809 431 1855 ng..
468 1804 647 1840 firmatam
673 1817 691 1839 a
711 1803 808 1843 Ms.‚
846 1815 925 1837 non
955 1801 1121 1837 dubitavi
1151 1802 1268 1837 statim
1297 1801 1487 1848 recipere,
1521 1800 1581 1836 his

72 1855 413 1908 addustus-fcaulis,
451 1853 594 1902 primo..
629 1851 732 1900 quod
761 1852 806 1888 de
834 1849 1077 1898 optimatibus
1104 1849 1174 1886 illis
1201 1862 1240 1886 et
1265 1848 1449 1897 patriciis,
1482 1861 1581 1897 quos

71 1910 247 1946 Strothus
268 1904 436 1952 respicit,
466 1903 535 1939 iam
559 1902 702 1937 dixerat
721 1912 846 1936 orator
868 1900 898 1946 §
925 1912 1003 1946 pr.;
1039 1911 1082 1934 ut
1102 1911 1180 1935 non
1201 1900 1368 1935 videatur
1388 1911 1488 1934 nunc
1514 1911 1580 1933 eo-

71 1959 158 1994 dem
179 1956 311 1996 redire,
334 1953 395 1990 sed
414 1952 457 1988 ad
476 1952 575 1987 aliud
595 1950 685 1996 quid
699 1975 709 1991 ,
735 1961 846 1997 atque
865 1949 958 1985 adeo
979 1947 1023 1983 ad
1043 1948 1154 1988 cives,
1179 1959 1363 1995 parentes,
1382 1946 1579 1990 subieflos,

71 2007 135 2054 qui
158 2004 226 2043 uni
246 2004 364 2041 adhuc
384 2002 515 2048 reliqui
541 2010 645 2037 erant
668 1999 707 2035 in
728 1997 912 2047 praesidiis
930 2008 970 2034 et
985 1997 1105 2034 veluti
1125 1997 1252 2035 fulcris
1272 1996 1434 2043 imperii,
1464 1998 1578 2032 Coma

70 2056 183 2092 modo
203 2051 402 2092 asserendi,
435 2050 699 2098 pertinetque,
725 2048 881 2095 opinor,
917 2046 1020 2094 quod
1040 2047 1072 2082 h.
1096 2046 1118 2080 l.
1140 2045 1297 2087 dicitur,
1331 2044 1457 2091 potius
1479 2046 1520 2081 ad
1539 2044 1574 2091 ᾗ.

70 2120 105 2152 9.
123 2110 292 2149 αὐτάρκης
314 2106 348 2139 ἆὲ
369 2101 386 2138 o‘
406 2104 503 2144 δῆμος
522 2112 542 2135 Α
565 2124 575 2140 ,
603 2098 646 2135 ad
667 2097 848 2144 populum
872 2096 977 2132 Ro'm.
992 2120 1003 2136 ,
1028 2096 1051 2133 i.
1070 2095 1170 2131 cives
1181 2096 1317 2130 Romae
1338 2094 1575 2142 potissimum,

71 2153 208 2192 deinde
230 2152 340 2189 ctiam
365 2150 410 2185 ad
430 2150 596 2196 reliquos
619 2160 683 2193 per
701 2146 843 2183 ltaliam
864 2157 902 2181 et
925 2144 1146 2190 provincias,
1173 2145 1212 2180 in
1232 2156 1307 2190 quo
1327 2143 1470 2189 populo
1491 2138 1577 2184 unia

69 2204 196 2243 verso,
233 2198 532 2245 nominatimque
552 2198 690 2233 Romae
718 2195 842 2234 urbis,
882 2194 1024 2240 semper
1042 2192 1119 2229 fuit
1139 2193 1183 2228 ad
1208 2192 1405 2239 imperium
1431 2203 1575 2228 novara-¹

70 2253 160 2289 dum
184 2261 247 2287 aut
266 2248 486 2285 firmandum
510 2245 660 2294 aliquod
680 2255 929 2284 momentum,
956 2242 1004 2277 cf.
1028 2254 1058 2283 1,
1084 2253 1137 2286 14,
1163 2251 1216 2285 13.
1246 2254 1278 2283 2,
1301 2254 1334 2282 2,
1356 2252 1386 2283 5.
1409 2240 1486 2289 sqq.
1514 2251 1574 2278 ει.

69 2303 148 2348 sqq.
172 2313 205 2340 ς,
226 2305 261 2339 6.,
287 2312 316 2334 1.
334 2299 387 2346 sq.
421 2306 474 2337 ιε.
494 2302 525 2330 e.
557 2308 590 2339 2,
610 2307 644 2339 7,
666 2305 697 2340 3.
719 2292 796 2341 sqq.
827 2305 861 2333 2,
883 2301 915 2332 8,
934 2305 968 2336 9.
989 2292 1066 2338 sqq.
1117 2290 1189 2327 Cui
1209 2299 1454 2337 argumento,
1491 2303 1512 2326 e
1531 2302 1573 2327 re

68 2363 110 2387 ac
133 2347 222 2384 serie
244 2348 363 2394 petito
377 2373 385 2388 ‚
412 2344 555 2381 accedit
573 2345 730 2380 alterum
748 2341 993 2391 gravissimum
1013 2341 1056 2375 ab
1073 2339 1140 2376 usu
1159 2339 1354 2387 loquendi,
1378 2339 1480 2386 quod
1502 2351 1571 2374 vo-

68 2411 129 2434 ces
148 2401 209 2434 τῶι
227 2399 417 2444 ἀρχομένων
436 2406 476 2431 et
496 2397 561 2431 τῶν
579 2389 750 2439 ἀρχόντων
769 2403 846 2426 non
867 2389 951 2426 sunt
970 2388 1048 2436 syn.
1062 2414 1073 2430 ,
1102 2400 1146 2424 ut
1170 2387 1318 2436 glossam
1340 2388 1398 2423 hic
1416 2387 1574 2430 suspice-

67 2448 140 2489 ris,
164 2459 233 2483 nec
252 2453 282 2484 οἱ
301 2443 464 2490 ἄρχοντες
485 2444 662 2479 dicuntur
679 2453 841 2488 unquam
854 2465 864 2481 ,
889 2439 988 2487 quod
1008 2438 1262 2478 meminerim.
1289 2449 1357 2484 pro
1376 2443 1406 2473 οἱ
1422 2431 1573 2484 ‹imbue-⁹

69 2514 136 2536 voi,
170 2508 294 2544 neque
320 2493 359 2530 hi
386 2506 450 2539 pro
473 2493 567 2533 illis,
601 2491 662 2527 sed
689 2490 830 2537 semper
850 2495 879 2527 οἱ
899 2489 1025 2535 dez-‘²1²-
1046 2487 1151 2533 pals„
1185 2497 1227 2522 ut
1245 2492 1276 2524 οἱ
1294 2483 1456 2532 ἄρχοντες
1487 2484 1570 2525 aff..

67 2545 240 2593 resteque
259 2546 338 2590 Stp.
360 2543 432 2580 Th.
458 2555 486 2581 1,
509 2545 588 2585 561,
607 2542 655 2575 D.
677 2553 725 2575 m.
751 2536 948 2585 „Kozola-m,
977 2549 1040 2581 pro
1063 2534 1182 2582 ἄρχω,
1210 2537 1233 2570 i.
1258 2549 1290 2571 e.
1318 2534 1475 2579 impero,
1498 2533 1570 2569 im·-

69 2595 216 2641 perium
236 2594 416 2634 obtineo,
440 2592 479 2628 in
500 2592 597 2637 vulg.
621 2590 730 2626 Lexx.
756 2599 945 2635 perperam
965 2584 1147 2632 ponitur“
1169 2595 1213 2621 ut
1235 2595 1274 2619 et
1293 2585 1331 2618 L.
1357 2584 1441 2619 Ern.
1467 2582 1569 2618 istam

66 2645 265 2681 notionem
285 2640 417 2677 omisit.
467 2642 568 2675 Tum
589 2638 786 2675 auetoritas
809 2638 864 2678 l’.,
901 2638 1027 2682 (quem
1050 2634 1133 2670 Sch.
1153 2633 1271 2670 refert
1292 2632 1424 2680 partim
1453 2631 1569 2666 modo

67 2695 108 2730 in
129 2710 196 2733 πις.
224 2691 362 2733 „fidem
386 2699 456 2726 aet.
485 2689 552 2725 tibi
575 2688 761 2724 roboravit
780 2699 838 2734 ap.
853 2687 995 2725 duces“)
1023 2681 1288 2730 nihil-arguit,
1325 2693 1433 2728 quam
1461 2691 1569 2716 vetu-

67 2745 162 2779 stum
181 2742 252 2778 iam
273 2753 310 2777 et
329 2741 370 2776 in
388 2739 469 2776 eius
488 2737 597 2774 etiam
621 2739 688 2774 Gr.
708 2736 802 2772 Cod.
823 2732 992 2782 praesens
1009 2731 1155 2773 vitium,
1185 2733 1301 2778 quod,
1327 2743 1371 2765 ex
1394 2728 1568 2765 istiusaut

67 2793 151 2828 Sch.
171 2792 275 2833 Lat.,
302 2803 349 2827 ue
371 2787 509 2826 sensum
525 2785 676 2834 quidem
695 2783 936 2822 commodum
957 2782 1122 2829 praebet,
1148 2792 1233 2815 cum
1247 2777 1434 2828 potestates
1452 2777 1479 2814 s.
1492 2789 1567 2812 ma-

1767 2454 1771 2458 .
1750 2287 1773 2430 'sa—vm,
1763 2265 1766 2269 >
