1772 3158
103 127 275 176 L113ER
292 129 329 173 1.
362 127 639 174 CARXVII.
678 129 732 173 A.
755 127 811 171 v.
835 127 886 173 c.
913 137 1035 183 945.
1073 127 1431 184 CHR.N.192.
1474 139 1575 184 733

69 241 181 312 πςός
223 240 363 312 θηξίσι
395 246 413 266 ⁰
458 234 598 304 ἂιψῶν
618 281 630 301 ,
696 239 809 289 ἔπιεν
845 246 986 292 tiones
1012 261 1114 291 cum
1135 245 1238 292 feris
1261 243 1431 304 linens,
1472 246 1585 295 bibit

70 315 374 371 ἀναισθήτως.
419 315 583 370 εὐθέως
605 310 654 364 δὲ
673 313 806 384 migne
850 335 933 366 20.
958 323 1032 376 ita,
1065 332 1115 366 ut
1133 321 1243 367 nihil
1264 322 1451 370 sentiret.
1491 325 1584 370 Sta-

70 393 285 444 ἐπέπεσεν
317 392 440 456 αὐτῷ
469 388 510 422 ‘³-
585 395 643 445 εἷς
678 390 807 439 ὕπνον
843 398 924 443 tim
945 408 1092 442 autem
1117 394 1247 461 sopor
1280 396 1433 445 invasit
1463 414 1581 456 eum,

71 548 81 555 .
125 548 136 580 ¹
159 505 192 541 c)
216 503 284 535 Ms.
304 500 358 534 Ba.
383 503 424 532 τὶ
450 500 521 543 πρὶς
545 502 585 531 τὰ
612 502 677 543 9ης.
710 509 744 531 v,
763 497 810 533 N.
880 499 919 545 d)
943 500 1102 533 Punctum
1125 497 1160 531 in
1179 500 1221 533 ΑΖ
1241 509 1277 532 et
1296 500 1383 538 Lu..
1413 498 1470 533 sed
1493 500 1584 534 nihil

72 557 107 580 m
139 557 194 588 ng.
215 556 246 582 1.

70 635 110 674 in
130 635 223 672 locis
242 634 307 672 rel.
328 634 458 672 Noster
477 647 561 673 cum
579 646 626 671 eo
646 631 751 671 subst.
773 633 968 672 articulum
993 647 1074 671 non
1096 633 1265 677 dederit,
1291 634 1337 671 cf.
1350 646 1386 680 7·
1406 644 1442 677 82
1465 646 1582 673 inm.

68 698 110 724 et
127 686 172 722 ad
187 700 286 729 γνμν.
307 686 387 721 lnd.
411 686 504 721 Xen.
523 683 603 720 Pol.
628 684 671 719 Z.
692 683 773 726 (ubi
793 684 878 720 add.
891 686 931 722 L.
955 695 1010 725 12,
1025 689 1059 720 6.
1073 684 1098 720 i.
1117 695 1158 721 et
1176 686 1229 732 e.)
1248 686 1290 722 it.
1307 685 1424 723 Mem.
1436 686 1493 730 S„
1519 686 1582 721 de-

67 735 214 772 serente
242 734 283 768 P.
311 732 424 770 etiam
444 735 529 771 Sch.
556 733 786 776 „exercitia,
827 745 922 780 quae
930 734 1027 782 fiunt
1054 733 1227 769 venando
1239 735 1381 780 feras“
1407 733 1582 782 suppleto

68 783 198 832 partic.
214 781 398 828 γενόμενα,
425 781 645 819 ostendente
667 781 779 818 etiam
801 783 884 830 Eg„
911 794 952 819 ut
970 783 1010 818 Ρ.
1031 781 1070 817 in
1094 783 1266 819 oratione
1285 793 1496 829 quanquam
1513 784 1582 820 ob-

67 831 191 881 liqna,
221 843 368 868 comma
389 832 468 880 post
487 835 580 875 διψ.,
610 830 711 868 secus
729 843 770 866 ac
789 833 871 879 Stp.
888 831 1018 879 supra.
1044 842 1141 880 quae
1160 831 1351 869 diverfitas
1367 832 1414 869 ad
1432 831 1584 869 senten-

69 882 162 919 tiam
179 880 275 917 nihil
294 893 421 918 nocet.

117 931 314 977 ἃναισθητ.)
341 930 393 967 ira
412 929 552 971 ebibit,
585 939 629 964 ut
646 927 740 964 nihil
761 927 940 971 sentiret,
968 928 994 965 i.
1015 943 1048 966 e.
1069 940 1114 966 ut
1133 929 1271 973 alium,
1295 941 1405 976 quam
1426 930 1585 970 consue—

70 989 150 1016 tum
171 980 312 1064 gigstigm
333 980 427 1023 esse,
451 992 531 1017 non
553 975 717 1014 sentiret.
739 978 857 1027 steph.
883 978 943 1014 vel
963 990 1008 1016 ut
1028 979 1177 1016 nullutn
1196 978 1335 1017 subesse
1354 978 1486 1016 dolum
1503 978 1586 1016 sen·

71 1028 173 1066 tiret.
245 1030 261 1063 l
282 1053 292 1063 .

168 1040 256 1114 Scff.
282 1074 360 1124 post
388 1075 426 1111 P.
453 1075 593 1116 „nullo
619 1074 753 1112 veneni
773 1075 909 1112 sensu“
935 1075 980 1112 ad
999 1076 1223 1113 sententiam
1244 1078 1364 1119 bene,
1389 1077 1418 1115 s.
1434 1075 1507 1118 fic,
1538 1087 1584 1116 ut

68 1126 167 1164 nihil
185 1125 233 1162 de
248 1137 395 1162 veneno
417 1123 592 1166 sentiret,
624 1125 649 1162 s.
669 1137 751 1161 non
770 1125 946 1167 sentiret,
972 1137 1161 1162 venenum
1179 1126 1384 1163 admixtum
1402 1127 1490 1169 esse,
1514 1125 1582 1163 sed

68 1189 149 1214 uno
169 1176 284 1212 verbo
305 1173 418 1209 modo
440 1187 498 1220 ap.
520 1186 591 1210 nos
610 1172 814 1210 unbemerkt
833 1174 857 1209 s.
879 1173 1137 1217 unvermerkt,
1171 1188 1209 1212 at
1228 1177 1389 1212 vicinius
1409 1177 1489 1212 Lat.
1505 1174 1584 1211 fine

68 1224 198 1266 sensu,
225 1223 322 1261 nihil
339 1222 523 1265 sentiens,
554 1223 648 1259 nihil
667 1223 886 1264 sentiendo,
912 1234 1072 1269 quorum
1089 1224 1256 1261 medium
1275 1223 1442 1261 vicinum
1462 1224 1511 1261 est
1524 1228 1587 1272 ssg.

70 1287 93 1312 e
110 1276 190 1321 Stp.
211 1273 256 1309 ad
276 1286 327 1308 m.
348 1273 384 1308 Ρ.
405 1284 444 1307 et
463 1273 613 1320 proprie
633 1272 696 1308 Gr.
715 1275 813 1316 μηδὲν
833 1269 1056 1315 αἰσθόμενος,
1087 1285 1173 1309 cum
1202 1273 1442 1320 participium
1471 1274 1587 1311 resol-

67 1335 198 1360 vamus
227 1334 294 1370 per
322 1320 401 1357 illas
419 1323 480 1369 ΒΕ.
502 1320 718 1367 particulas,
762 1333 837 1369 quo
868 1321 973 1358 sensu
1003 1324 1070 1359 Gr.
1101 1322 1184 1357 adv.
1219 1322 1323 1358 forte
1353 1322 1516 1369 pertinet
1540 1323 1586 1366 ad

67 1371 193 1412 Nostri
215 1369 432 1418 peculiaria,
456 1370 520 1418 qui
533 1382 611 1405 non
631 1370 778 1406 videtur
800 1368 953 1407 sumfiffe
973 1369 1117 1419 tropica
1137 1383 1222 1408 cum
1240 1372 1280 1408 Ρ.
1299 1372 1484 1414 notione,
1512 1383 1585 1419 qua

67 1421 260 1470 augendus
279 1421 362 1469 Stp.
379 1420 455 1456 Th.
482 1431 504 1454 e
521 1419 643 1455 Thuc.
667 1431 697 1459 1,
719 1428 776 1460 8²·
794 1419 818 1454 i.

118 1472 233 1517 κάρος)
256 1470 342 1505 Erat
363 1480 451 1516 ergo
474 1480 664 1505 venenum
686 1468 905 1516 καρηβαρικδν
925 1469 1043 1511 ποτὸν,
1065 1474 1255 1517 anquene&
1267 1469 1360 1507 Poll.
1373 1483 1408 1513 2,
1421 1483 1456 1515 4.
1469 1469 1587 1507 Leirn.

69 1521 151 1567 Stp.
169 1520 245 1556 Th.
270 1516 412 1564 „sopor
431 1529 515 1553 cum
538 1518 749 1566 gravedine.
767 1537 807 1543 —
831 1522 903 1566 Ap.
926 1530 1019 1556 caet.
1041 1518 1237 1566 scriptores
1259 1519 1450 1556 invenitur
1468 1524 1591 1567 gene*

69 1569 196 1607 taliter
213 1580 280 1615 pro
304 1567 437 1614 sopor,
469 1578 512 1603 ut
538 1566 650 1602 etiam
670 1567 748 1602 Pol.
770 1566 884 1603 vertit
912 1569 952 1604 in
975 1569 1041 1604 isto
1063 1567 1222 1603 Herodi.
1247 1567 1332 1603 loco
1355 1569 1381 1604 l.
1398 1580 1428 1605 ι.
1456 1572 1532 1608 εὒθ.
1548 1587 1589 1598 -

71 1619 177 1662 αὐτῷ,
195 1636 235 1645 -
259 1621 389 1654 ἂνεπ.“
423 1616 486 1662 qui
507 1615 552 1651 de
572 1616 611 1651 P.
632 1626 748 1655 errat;
779 1627 822 1652 ut
841 1616 888 1651 de
907 1617 1040 1653 somno
1058 1616 1118 1652 hic
1136 1617 1236 1664 gravi
1258 1618 1438 1663 altoque,
1473 1622 1591 1666 (quo-

70 1666 187 1704 modo
209 1664 312 1701 Foef.
335 1666 427 1700 Oec.
448 1663 598 1700 aliunde
624 1664 784 1710 explicat
804 1677 841 1700 et
863 1664 943 1701 Lat.
966 1669 1029 1714 ssg.
1049 1667 1096 1701 G.
1123 1666 1213 1708 Th.)
1243 1678 1325 1702 non
1356 1667 1436 1713 capi
1465 1664 1591 1704 linunt

72 1716 135 1754 illa
154 1715 186 1762 §.
204 1725 260 1760 23.
278 1713 328 1750 ἐπ’
350 1715 464 1756 ὀλίγον
479 1733 517 1740 -
543 1708 724 1758 ἦσῦχασε,
766 1712 828 1750 sed
849 1715 894 1750 de
914 1714 1126 1751 vehementi
1149 1714 1355 1761 cupiditate
1375 1714 1590 1754 dormiendi

72 1765 101 1803 s.
123 1762 371 1811 propenlione
390 1763 434 1798 ad
456 1761 648 1802 somnum,
675 1773 761 1798 cum
783 1762 962 1811 languore
984 1763 1150 1811 corporis
1164 1788 1175 1804 ,
1205 1763 1363 1800 maxime
1384 1763 1540 1811 capitis,
1571 1777 1592 1800 a

72 1826 149 1862 quo
178 1823 319 1848 nomen
353 1811 483 1853 habet,
515 1810 562 1846 cf.
582 1809 675 1847 Poll.
697 1824 735 1854 4,
753 1820 834 1855 184.
851 1823 950 1857 ‘cum
975 1813 1023 1849 N.
1044 1825 1104 1858 45.
1127 1812 1232 1848 Suid.
1253 1825 1289 1853 2,
1309 1818 1392 1857 246.
1413 1826 1468 1857 e.,
1509 1826 1592 1852 non

73 1862 158 1900 coll.
190 1861 234 1897 ad
262 1859 349 1898 Hes.
369 1873 403 1904 2,
428 1871 509 1904 15²·
540 1863 564 1896 i.
594 1870 634 1896 et
653 1872 726 1902 m.,
773 1859 876 1898 unde
910 1860 1080 1910 sequitur
1109 1862 1292 1910 quaedam
1320 1874 1410 1900 mox
1437 1862 1500 1900 hic
1529 1875 1593 1901 ex-

104 1910 244 1948 licatio.

74 1925 100 1962 P
122 1966 169 2002 εἰς
191 1958 281 2003 im.)
309 1958 381 1994 Ms.
399 1964 461 1998 τὲ,
488 1957 527 1994 in
548 1957 603 2002 m)
622 1968 826 2001 mutatum,
849 1957 942 2007 cf.§.
957 1971 990 2005 9.
1007 1973 1040 1996 e.
1055 1984 1067 2002 ,
1093 1959 1170 2009 ipse
1190 1959 1228 1996 Ρ.
1253 1959 1403 1997 videtur
1419 1959 1596 2003 habuiffe,

74 2009 142 2048 nili
163 2008 279 2044 libere
295 2006 394 2054 egit,
422 2019 465 2045 ut
483 2008 591 2049 alibi,
625 2007 674 2042 cf.
702 2020 732 2050 r,
752 2021 786 2052 9,
809 2020 883 2054 19.‚
921 2020 962 2046 ut
978 2010 1109 2059 Progr.
1130 2009 1253 2046 Leisn.
1272 2010 1319 2045 de
1343 2009 1451 2046 sensu
1471 2009 1593 2047 totius

74 2058 280 2099 formulae,
317 2058 356 2092 in
378 2068 448 2104 qua
467 2055 693 2093 nihilvideo
716 2057 968 2101 difficultatis,
994 2058 1056 2095 sed
1070 2062 1185 2096 modo
1207 2058 1480 2106 simplicitatem
1493 2059 1596 2096 illam

76 2106 279 2147 vetustam,
315 2116 411 2153 quae
430 2107 567 2153 repetit
585 2105 712 2141 fimilia
732 2107 771 2142 in
797 2108 953 2149 vicinia,
993 2119 1080 2145 cum
1102 2108 1279 2143 varietate
1299 2118 1422 2143 tamen
1448 2107 1489 2143 in
1517 2108 1596 2145 elo-

108 2154 251 2195 uendo;
287 2167 331 2191 ut
359 2153 400 2191 lit
427 2157 471 2192 ad
500 2155 673 2192 somnum
702 2156 815 2198 cieri,
852 2156 1006 2198 irritari,
1045 2157 1247 2198 concitari,
1284 2158 1522 2203 propendere
1552 2156 1596 2194 in

75 2169 273 2246 Pomnum,
308 2203 445 2241 sentire
465 2203 750 2251 propensionem
769 2205 813 2240 ad
834 2204 1118 2248 dormiendum,
1153 2206 1298 2254 lintque
1318 2218 1450 2243 contra
1478 2205 1597 2243 nimia

74 2255 141 2296 P..
179 2264 327 2289 tacente
345 2253 425 2300 Stp.
444 2253 519 2289 Th.
533 2279 543 2294 .
572 2254 685 2289 etiam
703 2255 752 2291 G.
772 2255 847 2293 Th.
870 2256 910 2291 in
931 2268 966 2291 v.
987 2257 1090 2291 trahi
1108 2267 1147 2291 et
1158 2255 1280 2300 ferri,
1304 2267 1398 2303 quae
1416 2254 1596 2302 limplicia

75 2316 148 2353 pro
170 2304 233 2339 Gr.
263 2302 428 2348 compos.
456 2315 535 2338 non
563 2315 688 2339 verear
718 2302 919 2346 adhibere,
964 2316 1179 2352 comparans
1201 2304 1294 2340 Luc.
1321 2317 1350 2345 ι,
1372 2314 1454 2350 293.
1477 2305 1501 2341 i.
1531 2305 1597 2350 ubi

77 2353 242 2400 Cyclops
261 2351 428 2397 loquitur
441 2375 453 2395 ,
479 2350 498 2389 ὅ
516 2351 697 2393 Ὀδυσσεός
716 2355 832 2390 δίδωσί
848 2369 904 2396 μοι
921 2359 1027 2396 πιεῖν,
1061 2352 1241 2400 φάρμακέν
1260 2370 1294 2390 τι
1320 2358 1463 2398 ἐγχέας,
1481 2371 1521 2382 -
1539 2360 1600 2391 τί·

75 2413 136 2442 Aac
155 2405 190 2438 δὲ
212 2404 243 2442 ἐς
270 2396 368 2438 ὕπνον
396 2404 660 2443 κατεσπάσθην,
697 2402 864 2449 denique
888 2405 926 2438 in
954 2403 1125 2439 somnum
1154 2403 1338 2439 devolutus
1356 2403 1458 2451 sum.
1503 2415 1599 2450 quae

75 2449 234 2500 phraliS,
269 2451 352 2497 (per
370 2450 448 2485 Lat.
478 2462 516 2487 et
543 2450 619 2496 ipsa
642 2451 769 2498 ignota
793 2452 842 2487 G.
863 2452 953 2498 Th.)
985 2463 1027 2489 ut
1048 2453 1160 2493 aliae,
1199 2463 1231 2486 v.
1253 2464 1286 2487 c.
1308 2457 1353 2493 εἷς
1375 2449 1474 2489 ὕπνον
1492 2469 1597 2490 κατα-

77 2501 267 2546 φέρεσθαι,
302 2510 420 2546 aeque
437 2498 484 2535 de
503 2513 550 2535 eo
573 2499 652 2546 capi
673 2499 839 2546 poffunt,
868 2500 1080 2548 quiincipit
1102 2499 1262 2537 dormire
1277 2524 1288 2541 ,
1314 2499 1373 2537 led
1392 2499 1504 2548 paulo
1517 2501 1598 2549 post

75 2549 217 2586 iterum
244 2547 419 2595 evigilat,
457 2559 496 2584 et
524 2548 571 2584 de
601 2548 722 2595 primo
745 2549 861 2586 veluti
882 2549 962 2586 nisu
989 2553 1033 2587 ad
1062 2550 1254 2591 somnum,
1291 2551 1402 2586 etiam
1432 2550 1494 2586 illa
1520 2556 1599 2600 figo

77 2599 114 2644 (a
137 2598 182 2632 G.
200 2598 275 2634 Th.
298 2609 376 2632 non
398 2596 562 2644 expolita
583 2597 621 2632 in
644 2609 678 2632 v.
701 2599 796 2642 utr.)
822 2600 909 2646 quia
936 2598 1101 2646 seqnitur
1120 2602 1266 2640 οἰηθεὶς,
1301 2601 1425 2649 quod,
1458 2601 1600 2648 cogita-

78 2647 224 2684 tionem
247 2657 286 2682 et
307 2645 574 2682 conscientiam
596 2645 650 2682 sui
681 2646 903 2689 ostendens,
940 2646 1049 2689 facit,
1084 2659 1125 2684 ut
1150 2653 1195 2690 εἰς
1217 2647 1288 2684 ὁπν.
1310 2665 1340 2684 κ.
1362 2653 1523 2685 iumatur
1554 2659 1600 2686 ue

78 2696 154 2732 levi
179 2696 308 2732 somno
330 2706 368 2730 et
389 2695 469 2731 eius
489 2695 599 2731 initio
622 2707 788 2739 tantum;
825 2700 927 2734 unde
947 2709 985 2734 et
1004 2697 1196 2734 lnbiicitur
1221 2701 1343 2737 ἄνω..
1379 2699 1599 2745 permittere

78 2744 115 2781 se
136 2743 290 2786 somno,
325 2748 418 2792 (quo
442 2743 574 2792 spessat
592 2744 647 2790 Ρ.)
670 2757 741 2782 nec
763 2747 921 2793 amplius
942 2744 1123 2788 relinere.
1159 2744 1221 2783 sed
1248 2757 1402 2795 pergere
1426 2744 1590 2784 dormire
